3042 4917
925 315 1531 364 conunn'rxrxonuu
1576 302 1717 360 (ΜΡ.
1768 315 1831 358 v.
2398 292 2517 362 105

404 476 518 536 Cat.
571 483 646 541 14,
685 486 716 538 5
761 493 882 535 cum
927 473 1212 532 Gerlachio
1265 473 1459 549 scripsi
1507 473 1703 530 molles
1756 478 1941 528 aetate
1992 478 2051 529 et
2088 471 2246 546 fluxi
2286 489 2387 548 pro
2432 489 2517 535 eo,

227 582 381 658 quod
425 581 702 656 volgatum
744 589 828 637 est
871 581 1066 635 molles
1105 584 1159 633 et
1197 583 1383 633 aetate
1417 579 1587 650 fluxi.
1673 575 1811 631 Illud
1854 575 1998 632 enim
2042 581 2099 631 et
2140 575 2349 650 optumi
2392 573 2519 635 libri

225 683 532 742 suadebant
575 691 631 740 et
675 683 958 739 sententia.
1047 681 1178 736 Nam
1221 679 1584 736 inconstantia
1626 676 1979 734 consiliorum
2032 693 2161 733 num
2208 678 2399 734 aetatis
2438 677 2520 736 iu-

227 785 426 843 venilis
473 784 662 842 vitium
707 793 820 847 est,
878 783 1138 840 mollities
1183 801 1293 838 non
1340 783 1458 838 est?
1548 781 1615 838 Ut
1667 779 1837 853 igitur
1880 786 2067 836 aetate
2112 780 2178 836 ad
2225 785 2519 855 utrumque

228 888 554 950 referretur,
605 897 954 962 optumorum
999 885 1266 942 librorum
1312 882 1625 941 auctoritati
1670 882 1968 956 parendum
2014 881 2134 939 suit.
2208 881 2315 940 Cfr.
2347 881 2517 956 Kriig.

231 1009 314 1065 gr.
364 990 463 1046 lat.
507 990 560 1062 S.
605 997 710 1050 648
745 989 828 1047 21)
865 1007 918 1064 p.
966 993 1084 1050 937.

407 1109 656 1174 Cat.v15,
704 1114 738 1166 2
781 1125 904 1164 cum
962 1106 1203 1180 optumis
1255 1105 1411 1161 libris
1467 1121 1609 1160 nunc
1664 1103 1857 1178 scripsi
1894 1107 2221 1176 priviynum
2264 1106 2521 1161 adultum

231 1217 443 1280 aetate,
493 1210 637 1285 quod
679 1209 736 1265 in
781 1212 980 1266 adulta
1023 1215 1209 1266 aelate
1253 1216 1462 1264 mutare
1516 1206 1755 1262 librariis
1810 1205 2048 1280 proclive
2090 1214 2223 1263 erat.
2312 1205 2521 1264 Etenim

233 1313 370 1370 illud
420 1321 608 1370 tuetur
650 1313 804 1369 locus
845 1312 994 1369 Suet.
1034 1313 1171 1384 Aug.
1217 1329 1262 1367 c.
1299 1317 1383 1373 69,
1423 1309 1516 1365 ubi
1556 1325 1741 1365 omnes
1787 1307 1912 1364 libri
1955 1311 2055 1380 qui
2096 1315 2311 1365 matres
2346 1309 2521 1382 fami-

232 1419 343 1473 lias
387 1419 443 1472 et
487 1417 720 1472 adultas
765 1421 951 1470 aelate
997 1415 1245 1486 viryines
1284 1414 1663 1469 denudarent.
1742 1411 1849 1468 Nec
1880 1419 2080 1467 temere
2116 1418 2301 1468 aetate
2334 1429 2524 1486 super·

233 1535 527 1576 vacaneum
569 1517 868 1592 putandum
907 1525 1007 1579 est,
1053 1533 1172 1572 cum
1211 1514 1498 1588 significet,
1545 1530 1653 1587 quo
1695 1522 2017 1588 argumento
2066 1513 2263 1588 aliquis
2307 1513 2523 1571 adultus

235 1621 508 1678 habeatur
541 1618 678 1693 (‘der
691 1619 840 1674 nach
871 1619 1072 1674 seinem
1101 1617 1254 1672 Alter
1277 1618 1367 1673 fur
1387 1616 1703 1672 erwachsen
1737 1617 2044 1691 angesehen
2072 1618 2295 1674 werden
2317 1615 2523 1690 musz’).

411 1739 525 1795 Cat.
571 1745 647 1800 19,
689 1743 723 1798 3
756 1729 800 1810 ¹)
844 1737 975 1793 haec
1011 1737 1067 1792 in
1111 1735 1390 1810 plerisque
1434 1742 1490 1790 et
1537 1735 1777 1809 optumis
1815 1735 1969 1792 libris
2014 1736 2303 1809 leguntur:
2354 1737 2528 1793 Set-is

235 1841 378 1898 Piso
421 1841 484 1896 in
515 1840 826 1912 provincia
870 1840 941 1894 ab
981 1839 1262 1910 equitibus
1295 1837 1596 1908 Hispanis,
1648 1854 1788 1910 quos
1828 1840 1889 1894 in
1934 1820 2197 1894 exercitu
2240 1840 2525 1901 ductabat,

236 1946 347 1999 iter
388 1940 622 2014 faciens
645 1943 866 1998 occisus
908 1947 1009 1996 est.
1097 1939 1375 2006 Ductare,
1424 1940 1571 2014 quod
1606 1938 1827 1996 Sallusti
1862 1939 2149 2014 proprium
2186 1957 2312 1996 esse
2342 1938 2525 2008 Quint.

239 2045 348 2100 vm
393 2053 444 2108 3,
490 2049 561 2103 44
595 2042 825 2105 monuit,
869 2059 993 2098 cum
1032 2041 1256 2116 proprie
1298 2041 1370 2096 sit
1404 2041 1509 2098 huc
1538 2039 1682 2098 'illuc
1724 2041 1923 2100 ducere
1967 2039 2113 2114 (lug.
2160 2048 2245 2105 38,
2290 2049 2309 2100 l
2362 2043 2533 2113 quasi

241 2148 589 2203 vitabundus
609 2160 726 2216 per
755 2145 1012 2200 saltuosa
1056 2147 1184 2201 loca
1225 2150 1280 2201 et
1321 2146 1580 2200 tramites
1610 2119 1937 2199 'exercitum
1980 2143 2266 2216 ductare),
2317 2151 2430 2200 tum
2461 2143 2528 2200 de

241 2249 473 2304 ducibus
519 2247 722 2304 dictum
769 2254 878 2308 est,
927 2245 1021 2319 qui
1065 2246 1325 2302 exercitui
1369 2245 1424 2302 in
1469 2244 1614 2300 bello
1655 2252 1749 2300 aut
1793 2246 1847 2300 in
1893 2243 2343 2318 expeditionibus,
2390 2263 2529 2318 quae

241 2351 416 2406 varias
463 2350 520 2404 in
569 2347 824 2421 regiones
867 2347 1027 2410 siunt,
1068 2354 1334 2423 praesunt
1389 2345 1508 2420 (cfr.
1556 2346 1666 2402 Cat.
1718 2354 1797 2409 ll,
1842 2355 1891 2406 5.
1942 2352 2033 2410 17,
2070 2351 2121 2406 7.
2169 2345 2284 2420 lug.
2328 2352 2413 2410 70,
2456 2345 2526 2420 2).

245 2451 381 2520 Quid
425 2458 610 2508 autem
653 2449 787 2505 illud
830 2457 931 2513 est,
977 2449 1126 2523 quod
1163 2449 1290 2505 Piso
1335 2449 1605 2523 Hispanos
1650 2449 1866 2521 equites
1912 2448 1967 2505 in
2004 2449 2245 2504 exercitu
2277 2449 2529 2505 (luctasse

245 2554 482 2611 dicitur?
569 2551 628 2608 In
673 2552 914 2608 exercitu
953 2550 1207 2608 hahuisse
1253 2558 1399 2607 recte
1435 2550 1727 2612 diceretur,
1775 2550 1830 2606 in
1867 2550 2107 2607 exercitu
2150 2551 2372 2608 ductare
2407 2558 2531 2625 pot-

245 2663 329 2712 est
373 2654 457 2711 vel
502 2655 576 2717 is,
621 2654 712 2727 qui
751 2653 800 2709 ei
839 2654 982 2728 parti
1030 2653 1302 2709 exercitus
1347 2660 1581 2727 praeest,
1627 2651 1711 2707 vel
1756 2652 1850 2727 qui
1889 2661 2097 2726 partem
2146 2653 2379 2710 militum
2422 2671 2531 2710 una

245 2775 365 2814 cum
415 2756 661 2813 exercitu
703 2755 869 2817 ducit,
903 2755 969 2810 ab
1013 2755 1253 2811 exercitu
1297 2772 1407 2810 non
1451 2753 1693 2816 dimittit,
1732 2761 1816 2810 set
1860 2772 1967 2811 una
2010 2772 2132 2811 cum
2180 2753 2397 2811 relicuis
2427 2755 2533 2811 iter

247 2861 422 2916 facere
461 2857 642 2931 cogit,
699 2873 933 2930 quorum
985 2863 1241 2912 neutrum
1295 2855 1350 2912 in
1408 2856 1663 2912 Pisonem
1711 2855 1870 2912 cadit.
1958 2855 2025 2912 Et
2078 2857 2327 2930 profecto
2372 2857 2531 2912 mira·

247 2981 398 3024 mur,
459 2977 570 3034 quo
632 2959 843 3015 tandem
899 2958 1060 3014 modo
1111 2958 1228 3013 fieri
1286 2958 1565 3034 potuerit,
1624 2964 1687 3014 ut
1741 2957 1955 3032 equites
2006 2958 2229 3032 Hispani
2277 2959 2531 3015 Pisonem

245 3063 694 3137 adgrederentur,
730 3060 776 3116 si
816 3076 912 3115 eos
944 3059 999 3114 in
1028 3060 1272 3117 exercitu
1305 3077 1487 3116 secum
1521 3059 1819 3116 habuisset.
1910 3059 2065 3128 Quod
2093 3059 2137 3114 si
2179 3059 2301 3132 quis
2335 3058 2532 3116 dixerit

249 3163 374 3220 Sall.
433 3162 572 3219 nihil
623 3161 769 3218 aliud
813 3160 992 3218 dicere
1047 3161 1282 3218 voluisse
1336 3161 1442 3217 nisi
1499 3161 1715 3235 equites
1754 3161 2022 3235 Hispanos
2070 3161 2125 3215 in
2168 3160 2407 3216 exercitu
2446 3161 2531 3217 Pi·

248 3266 398 3322 sonis
443 3263 776 3326 militavisse,
818 3263 871 3319 id
916 3281 1147 3338 prorsus
1200 3263 1538 3338 superfluum
1583 3263 1704 3318 fuit.
1792 3262 2092 3320 Senserunt
2142 3279 2258 3318 eam
2302 3261 2533 3319 difficul-

250 3375 413 3424 tatem
472 3364 821 3422 librariorum
875 3365 951 3428 ei,
1021 3365 1116 3441 qui
1172 3367 1233 3421 in
1281 3367 1601 3422 exercitum
1655 3371 2045 3427 conrexerunt,
2105 3372 2167 3420 ut
2225 3365 2353 3421 Piso
2407 3364 2534 3421 illos

251 3467 734 3546 equitessortasse
777 3467 844 3522 ab
897 3467 1060 3525 sociis
1099 3475 1321 3524 coactos
1364 3468 1427 3523 ad
1474 3465 1770 3523 exercitum
1817 3467 1933 3543 ipse
1980 3466 2199 3524 duxisse
2242 3467 2533 3530 diceretur,

251 3571 303 3626 id
347 3569 497 3644 quod
543 3587 653 3625 non
697 3569 876 3625 minus
926 3569 994 3625 ab
1034 3569 1146 3625 veri
1206 3569 1386 3643 specie
1433 3568 1712 3632 abhorret,
1760 3587 1920 3644 quam
1963 3573 2021 3626 in
2066 3573 2347 3626 exercitu.
2436 3568 2535 3651 Ex·

251 3681 532 3746 pectamus
567 3669 780 3744 equites
820 3671 1194 3745 oportunitate
1237 3671 1361 3727 data
1417 3688 1549 3727 usos
1599 3671 1733 3736 dici;
1785 3689 1923 3746 quae
1974 3679 2157 3728 autem
2202 3672 2396 3730 melior
2440 3669 2535 3728 ob-

254 3774 468 3848 tingere
510 3772 708 3847 potuit‚
749 3790 908 3846 quam
953 3791 1075 3830 cum
1119 3772 1224 3829 soli
1268 3773 1325 3829 in
1370 3773 1569 3829 itinere
1608 3772 1861 3830 Pisonem
1889 3774 2317 3830 comitarentur?
2390 3773 2534 3845 Ergo

257 3875 400 3948 quod
439 3874 545 3930 iam
590 3882 747 3930 antea
786 3874 1142 3938 conieceram,
1185 3877 1616 3955 sinessexercilu
1656 3874 1895 3933 scribere
1939 3893 2005 3932 eo
2058 3875 2235 3932 minus
2278 3873 2533 3938 dubitavi,

255 3993 374 4032 cum
419 3975 624 4032 codicis
666 3993 720 4032 m
763 3976 1058 4032 auctoritas
1099 3977 1436 4033 adcessisset.

425 4078 537 4133 Cat.
583 4083 669 4141 20,
718 4087 780 4138 15
825 4086 972 4135 recte
1007 4078 1296 4157 Linkerum
1353 4096 1418 4134 ex
1459 4076 1517 4138 §B
1569 4077 1840 4152 recepisse
1891 4077 2203 4134 hortantur
2254 4093 2357 4150 pro
2401 4076 2535 4131 kor-

258 4317 264 4326 .
327 4275 376 4340 1)
411 4276 590 4326 Paulo
625 4281 756 4329 ante
787 4285 840 4328 et
861 4282 959 4328 iam
981 4284 1082 4326 tum
1107 4277 1371 4328 advorsus
1425 4275 1753 4344 Sellingium
1788 4291 1890 4330 em.
1928 4292 1980 4345 p.
2013 4275 2075 4324 14
2111 4275 2411 4328 defendere
2448 4289 2537 4325 su·

263 4363 549 4427 persedere
585 4377 748 4430 posse
785 4363 922 4414 mihi
955 4362 1164 4415 videor.
