3042 4917
166 501 193 509 .-

946 255 1555 313 connnmnonmu
1602 254 1743 295 cAP.
1791 254 1886 295 111.
2483 234 2565 297 39

274 416 538 473 adtendas
583 431 787 489 quaeso
830 431 893 469 ea
934 418 1152 469 narrata
1186 428 1335 475 esse,
1392 416 1685 485 postquam
1725 408 1832 463 iam
1873 414 2336 464 conmemoratum
2377 414 2463 463 est
2505 408 2562 462 in

270 518 545 593 petitione
595 513 912 573 consulatus
958 514 1084 571 anni
1138 518 1207 573 62
1250 511 1530 567 Catilinam
1590 509 1864 585 repulsam
1907 508 2114 566 tulisse.
2191 509 2381 582 Pergit
2425 509 2561 565 Dio:

271 612 678 695 συνέπραττον
711 610 775 673 δὲ
803 604 969 695 αὐτῷ
1003 600 1075 671 τὰ
1099 602 1367 687 μάλιστα,
1414 600 1486 669 τοὶ
1512 605 1622 687 μὲν
1651 604 1717 667 ἔν
1745 608 1822 691 τῇ
1842 596 2037 689 Ῥώμῃ
2059 599 2095 666 ὅ
2118 627 2180 665 τε
2207 598 2430 679 ὕπατος
2459 604 2563 666 καὶ

272 708 305 777 ὁ
342 716 684 787 Λεντοῦλος
713 704 743 774 ὅ
778 705 1084 785 Πούπλιος
1112 703 1145 771 ὃ
1174 700 1320 789 μετὰ
1362 700 1472 789 τὴν
1500 700 1790 771 ὑπατείαν
1820 706 1887 769 ἐκ
1915 710 2023 785 τῆς
2050 708 2358 788 γερουσίας
2391 702 2560 767 ἐκπε-

272 812 401 878 σών
433 808 803 900 (ἐστρατήγει
832 805 947 895 γὰρ
987 806 1147 885 ’ὅπως
1176 803 1289 888 τὴν
1323 812 1604 890 βουλείαν
1635 804 1962 894 ἀναλάβῃ),
2005 799 2078 869 τα
2105 801 2161 868 δ’
2197 807 2262 869 ἐν
2297 802 2561 871 Φαισού-

272 923 430 994 λαις,
463 916 522 1003 ξς
551 908 623 989 ἃς
652 916 717 976 οἰ
736 915 1054 976 στασιῶται
1082 908 1268 974 αὐτοῦ
1302 910 1704 1000 συνελέγοντο,
1750 905 1934 986 Γάϊός
1965 934 2054 984 τις
2089 904 2397 987 Μάλλιος,
2443 912 2565 971 τῶν

256 1042 337 1081 τε
367 1018 707 1099 πολεμικῶν
738 1009 1147 1096 ἐμπειρότατος
1173 1005 1343 1097 (μετὰ
1373 1006 1487 1097 γαρ
1510 1016 1635 1077 τῶν
1667 1017 1777 1077 τοῦ
1828 1008 2032 1076 Σύλλα
2062 1013 2328 1093 λοχαγῶν
2357 1008 2562 1094 ἐστρα-

273 1116 503 1201 τεύετο)
538 1118 643 1180 καὶ
670 1110 1245 1191 πολυδαπανώτατος
1280 1110 1385 1179 ω”ν.
1430 1112 1744 1197 σύμπαντα
1769 1120 1940 1199 γοῦν,
1967 1108 2080 1177 ’ὅσα
2099 1107 2229 1176 τότε
2259 1107 2564 1193 ἐκτήσατο,

273 1225 490 1305 καίπερ
536 1214 852 1300 πάμπολλα
896 1212 1071 1297 ὅντα,
1117 1220 1320 1292 κακῶς
1366 1215 1788 1293 καταναλώσας
1845 1218 2058 1301 ἑτέρων
2101 1216 2290 1297 ἔργων
2342 1208 2565 1295 ὁμοίων

274 1318 593 1403 ἐπεθύμει,
636 1330 693 1384 in
737 1326 935 1402 quibus
977 1326 1241 1383 nonnulla
1303 1343 1384 1385 ex.
1413 1325 1540 1383 Sall.
1597 1345 1642 1383 c.
1688 1333 1757 1387 24
1801 1334 1857 1383 et
1900 1332 1967 1385 25
2013 1332 2228 1399 sumpta
2271 1340 2392 1379 esse
2433 1340 2564 1379 con-

272 1432 441 1495 cedo,
498 1438 581 1487 set
634 1429 711 1485 ita
762 1436 826 1485 ut
880 1447 942 1485 ea
992 1427 1113 1485 aliis
1156 1428 1467 1485 intermixta
1507 1428 1644 1491 sint,
1694 1445 1831 1503 quae
1875 1426 2165 1483 Sallustius
2208 1424 2410 1500 partim
2451 1442 2563 1481 non

272 1533 531 1596 narravit,
575 1532 775 1607 partim
820 1531 1105 1593 refutavit,
1149 1529 1316 1586 veluti
1361 1529 1506 1603 quod
1550 1529 1616 1586 de
1663 1530 1722 1585 G.
1768 1530 2008 1587 Antonio
2055 1529 2258 1586 dictum
2311 1546 2357 1585 c.
2395 1534 2480 1589 26,
2511 1532 2562 1587 4.

274 1636 328 1692 C.
374 1642 439 1694 31
484 1634 628 1708 apud
666 1632 889 1689 Dionem
930 1633 1062 1689 haec
1103 1632 1208 1687 iam
1243 1630 1536 1705 leguntur:
1582 1624 2190 1751 παρασκευαζομένων
2231 1646 2342 1685 ουν
2374 1625 2563 1684 ταῦτα

272 1722 477 1792 αὐτῶν
520 1724 807 1809 μηνύεται
835 1730 921 1813 τῷ
964 1726 1259 1809 Κικέρωνι
1288 1723 1564 1851 πρότερα
1576 1727 1686 1808 μὲν
1733 1753 1806 1789 τα
1854 1726 1916 1790 ἕν
1965 1729 2052 1814 τῷ
2081 1722 2245 1789 ὄὶστει
2274 1719 2560 1808 γινόμενα

272 1826 375 1894 δια
408 1826 767 1913 γραμμάτων
812 1854 1025 1908 τινων,
1080 1857 1119 1893 α
1160 1821 1263 1891 τὸν
1295 1828 1404 1909 μὲν
1448 1846 1768 1912 γραψαντα
1806 1822 1919 1892 οὖκ
1960 1824 2206 1907 ἐδήλου,
2255 1851 2337 1888 τω
2383 1826 2447 1889 δὲ
2489 1824 2562 1905 δὴ

270 1928 530 2019 Κρασσω
561 1931 660 1992 καὶ
691 1925 889 2004 αλλοις
918 1930 1035 1993 τισι
1067 1934 1184 1992 τῶν
1218 1932 1492 1993 δυνατῶν
1536 1925 1736 2009 ἐδόθη.
1811 1936 1964 2006 Quod
1997 1937 2042 1991 si
2083 1936 2258 2010 prima
2296 1934 2458 1990 verba
2497 1952 2562 1991 ex

270 2040 402 2097 Sall.
448 2038 559 2095 Cat.
594 2045 678 2101 26,
727 2048 754 2099 l
800 2038 911 2094 His
955 2040 1127 2094 rebus
1170 2040 1506 2110 conparatis
1550 2039 1604 2093 in
1638 2039 1896 2096 Graecum
1942 2055 2205 2095 convorsa
2234 2037 2397 2100 dicas,
2433 2053 2561 2112 pro-

270 2144 420 2200 fecto
468 2147 785 2215 expectatur
830 2140 933 2217 iam
978 2141 1043 2196 de
1089 2140 1273 2197 Fulvia
1314 2148 1370 2196 et
1399 2140 1561 2196 Curio
1608 2148 1886 2197 narratum
1936 2140 2020 2201 iri,
2070 2147 2124 2195 at
2165 2156 2268 2213 pro
2302 2140 2380 2194 eis
2413 2138 2561 2194 subi-

268 2246 495 2301 ciuntur
552 2259 689 2317 quae
731 2240 1054 2298 Plutarchus
1111 2242 1261 2298 solus
1308 2241 1446 2315 (vid.
1494 2240 1692 2317 supra)
1749 2242 1853 2297 Cic.
1909 2260 1955 2298 c.
1999 2248 2064 2301 16
2115 2240 2557 2297 conmemoravit.

268 2344 624 2401 Plutarchum
666 2342 827 2399 etiam
873 2344 927 2398 in
970 2344 1323 2419 sequentibus
1366 2351 1613 2400 secutum
1649 2362 1769 2401 esse
1800 2345 2038 2407 Dionem,
2086 2350 2170 2399 set
2209 2344 2284 2399 ita
2329 2350 2392 2399 ut
2423 2359 2560 2398 non-

269 2446 423 2504 nulla
455 2445 752 2507 variaverit,
799 2445 874 2500 ita
918 2453 1165 2520 apertum
1209 2454 1310 2508 est,
1354 2454 1415 2501 ut
1458 2446 1691 2501 acumini
1736 2446 2034 2520 legentium
2076 2444 2320 2501 diffidere
2361 2444 2558 2507 videar,

270 2549 317 2604 si
364 2545 615 2622 pluribus
660 2562 941 2619 exponam.
1027 2547 1121 2603 Set
1169 2548 1215 2603 si
1274 2549 1396 2621 quis
1439 2547 1505 2604 ad
1551 2548 1932 2623 corrigendam
1971 2548 2248 2604 Plutarchi
2292 2546 2534 2603 narratio

269 2667 397 2705 nem
443 2647 665 2703 Sallusti
708 2646 953 2704 libellum
997 2648 1297 2705 adhibitum
1333 2666 1452 2705 esse
1495 2650 1856 2713 contenderit,
1904 2652 2161 2707 adtendat
2203 2650 2278 2706 ita
2319 2649 2558 2705 narrari:

266 2758 565 2827 postquam
608 2748 797 2805 Cicero
844 2767 981 2824 quae
1024 2752 1081 2806 in
1124 2750 1259 2807 urbe
1303 2750 1522 2816 fierent,
1579 2752 1638 2807 in
1682 2760 1875 2808 senatu
1920 2753 2136 2828 aperuit
2194 2741 2384 2827 δόγμα
2423 2743 2558 2806 ἐκυ-

270 2840 451 2928 ρώθη
486 2838 747 2926 ταραχήν
786 2868 847 2907 τε
892 2841 1045 2907 εἶναι
1094 2836 1195 2907 καὶ
1237 2842 1481 2927 ζήτησιν
1525 2851 1644 2909 τῶν
1689 2850 1892 2909 αἰτίων
1935 2842 2121 2927 αὐτῆς
2150 2846 2433 2930 γενέσθαι
2481 2884 2554 2894 -

266 2956 339 3011 de
376 2972 486 3028 quo
518 2957 739 3009 senatus
770 2952 1023 3010 consulto
1061 2955 1203 3029 apud
1248 2953 1375 3011 Sall.
1410 2954 1548 3011 nihil
1585 2986 1678 3019 -,
1727 2964 1840 3013 tum
1871 2973 1993 3014 cum
2035 2975 2098 3013 ex
2135 2955 2352 3011 Etruria
2382 2956 2560 3012 nuntii

268 3056 440 3113 adlati
483 3056 697 3116 essent,
744 3051 1269 3129 προσεψηφίσαντο
1300 3056 1421 3127 2:ng
1448 3042 1702 3125 ’ὑπάτοις
1747 3046 1858 3130 τὴν
1901 3044 2184 3129 φυλακὴν
2209 3055 2314 3129 τῆς
2344 3074 2404 3111 τε
2447 3045 2554 3113 πό-

269 3158 418 3225 λεως
458 3149 559 3211 καὶ
590 3152 710 3211 τῶν
742 3142 899 3210 ὅλων
940 3147 1333 3232 πραγμάτων,
1378 3146 1658 3235 καθάπερ
1704 3149 2025 3214 εἰώθεσαν·
2067 3152 2166 3214 καὶ
2210 3144 2324 3234 γὰρ
2366 3146 2556 3239 τούτῳ

267 3256 357 3339 τῷ
402 3249 653 3334 δόγματι
685 3248 1069 3335 προσεγράφη
1102 3245 1167 3313 τό
1206 3246 1305 3315 διὰ
1336 3255 1652 3335 φροντίδος
1689 3246 1906 3329 αὖτοῦς
1937 3262 2130 3334 σχεῖν,
2175 3248 2321 3317 ὥστε
2378 3256 2556 3335 μηδε-

267 3358 415 3435 μίαν
456 3347 789 3435 ἆποτριβὴν
838 3356 925 3438 τῷ
973 3355 1230 3440 δημοσίῳ
1272 3358 1608 3436 συμβῆναι,
1654 3369 1717 3417 ut
1758 3363 1806 3418 si
1847 3381 1912 3435 en
1952 3363 2036 3419 his
2082 3380 2192 3439 quo
2238 3363 2427 3419 ordine
2450 3374 2558 3422 tes

270 3464 414 3538 apud
464 3460 779 3517 Sallustium
823 3469 1072 3517 narratae
1120 3462 1326 3519 suerint
1369 3464 1812 3521 constituendum
1857 3483 2096 3529 censeaS‚
2157 3466 2292 3521 illud
2337 3473 2557 3523 senatus

268 3563 585 3621 consultum
627 3565 839 3619 darent
881 3580 1117 3635 operam
1158 3571 1261 3621 cet.
1308 3572 1438 3639 post
1491 3584 1554 3621 ea
1597 3584 1734 3641 quae
1778 3567 1844 3623 ab
1888 3569 1944 3624 L.
1981 3568 2176 3625 Saenio
2221 3567 2451 3643 aliisque
2495 3586 2560 3625 ex

270 3665 489 3722 Etruria
526 3662 703 3720 adlata
760 3672 888 3721 sunt
942 3644 1409 3723 conmemoratum
1466 3668 1637 3725 fuisse
1681 3668 2004 3725 concludere
2047 3670 2262 3727 debeas
2346 3672 2417 3727 De
2461 3671 2558 3733 eis,

272 3785 412 3843 quae
441 3772 763 3840 sequuntur,
789 3760 1111 3842 γενομένου
1142 3762 1207 3825 δὲ
1237 3759 1452 3824 τούτου
1479 3764 1581 3825 καὶ
1613 3768 1882 3845 φρουρᾶς
1911 3759 2244 3844 πολλαχόθι
2274 3760 2560 3827 καταστά-

273 3881 380 3942 σης
409 3852 481 3925 τὰ
510 3861 621 3943 μὲν
651 3861 715 3923 ἐν
749 3865 835 3948 τῷ
864 3854 1026 3924 &ism
1058 3856 1253 3925 οὐκέτι
1278 3864 1701 3947 ἐνεωτερίσθη,
1746 3860 1890 3927 ὥστε
1925 3865 2025 3927 καὶ
2063 3866 2158 3927 ἐπὶ
2191 3869 2560 3952 συκοφαντίᾳ

273 3958 377 4027 τόν
417 3964 730 4046 Κικέρωνα
760 3965 1190 4048 διαβληθῆναι,
1234 3972 1330 4027 ubi
1374 3990 1458 4046 ap.
1502 3972 1818 4029 Sallustium
1863 3972 2103 4046 aliquid?
2161 3971 2266 4029 nisi
2310 3973 2453 4030 forte
2495 3992 2561 4030 ex

276 4073 385 4129 illis
430 4082 523 4136 31,
568 4078 604 4131 4
646 4075 873 4129 tametsi
902 4076 1206 4144 praesidia
1242 4075 1650 4145 parabantur,
1706 4081 1802 4136 32,
1851 4081 1875 4131 1
1932 4075 2002 4130 ab
2042 4076 2304 4132 incendio
2346 4077 2560 4132 intelle-

273 4176 442 4247 9ebat
476 4175 676 4230 urbem
720 4176 921 4247 viyilt'is
961 4178 1251 4238 munitam,
1298 4175 1485 4249 eisque
1533 4193 1668 4249 quae
1723 4174 1949 4231 Catilina
1995 4176 2050 4230 in
2097 4184 2289 4232 senatu
2332 4194 2560 4253 respon-

274 4276 421 4333 disse
460 4276 663 4332 dicitur
707 4284 791 4339 31,
824 4282 855 4337 7
894 4293 964 4333 ne
1008 4278 1149 4349 quid
1190 4280 1258 4334 de
1303 4292 1364 4332 se
1408 4284 1618 4334 temere
1663 4278 1984 4346 crederent,
2028 4286 2260 4337 consuta
2304 4298 2423 4337 esse
2465 4298 2560 4338 au-
