3042 4917
523 258 644 322 126
770 302 782 312 .
1203 275 1810 322 OONMBNTATIONUM
1860 278 2002 321 cAP.
2050 276 2108 320 v.

517 434 707 505 Nonne
733 422 1077 496 Sallustium,
1126 433 1220 508 qui
1246 433 1362 508 ipse
1402 432 1663 490 advorsus
1695 415 1948 490 Numidas
1975 433 2177 490 bellum
2216 442 2495 508 gesserat,
2541 433 2597 490 id
2641 434 2803 491 etiam

515 545 707 614 postea
752 536 1071 609 cognovisse
1109 536 1328 592 credes?

554 617 558 622 ¹
685 640 799 714 lug.
845 644 929 700 75,
975 645 995 696 l
1045 655 1167 694 cum
1210 656 1313 712 pro
1356 637 1693 713 planissumo
1747 639 1844 695 ubi
1892 637 2051 696 multi
2094 639 2221 695 libri
2261 640 2451 711 ibique
2496 640 2802 702 exhibeant,

517 745 571 798 in
614 743 654 798 P
697 748 752 796 et
793 733 860 796 Ρ1
907 747 1086 796 autem
1131 740 1386 814 primitus
1431 743 1641 813 ubique
1684 740 1867 803 fuerit,
1916 741 2021 797 hoc
2065 741 2411 798 scribendum
2453 760 2592 805 esse,
2638 761 2805 800 mem·

514 846 671 901 brum
713 842 994 898 relativum
1038 843 1362 917 praedicatis
1409 844 1474 899 ad
1519 846 1791 915 oppidum
1836 844 2102 900 adiunctis
2132 843 2252 899 addi
2298 845 2663 901 manufestum
2700 854 2801 902 est.

683 947 796 1018 lug.
841 951 938 1006 82,
979 951 1012 1002 2
1062 945 1577 1001 vetustissumorum
1633 953 1690 1001 et
1749 954 2098 1020 optumorum
2154 945 2420 1002 librorum
2474 947 2801 1021 scripturam

512 1048 736 1124 probavi
779 1063 965 1120 supra
1007 1048 1212 1103 bonum
1251 1055 1356 1103 aut
1393 1048 1722 1116 honestum,
1773 1066 1896 1104 cum
1947 1047 2137 1104 relicui
2182 1065 2371 1104 omnes
2414 1055 2586 1120 alque
2627 1051 2802 1106 hone-

510 1136 660 1208 stuni
705 1149 1074 1207 retinuissent.
1162 1148 1494 1207 Iamdudum
1540 1151 1685 1207 enim
1724 1149 2058 1206 intellectum
2100 1157 2201 1213 est,
2244 1152 2452 1207 bonum
2482 1150 2647 1206 latius
2679 1170 2802 1226 spe-

511 1262 659 1310 ctare
705 1262 761 1310 et
804 1252 1021 1326 gravius
1065 1270 1202 1316 esse,
1249 1271 1408 1327 quam
1440 1253 1756 1320 honestum,
1804 1251 1937 1308 illud
1979 1252 2125 1325 quod
2166 1268 2266 1325 per
2308 1271 2367 1308 se
2412 1261 2621 1309 rectum
2654 1261 2801 1309 esset

513 1355 835 1430 significare,
880 1355 984 1411 hoc
1032 1355 1177 1428 quod
1219 1356 1453 1411 deceret.
1544 1353 1688 1428 Ergo
1730 1355 1969 1429 scriptor
2004 1353 2237 1410 alterum
2267 1354 2345 1411 ita
2376 1355 2673 1428 adiungere
2709 1357 2801 1411 de-

511 1459 688 1521 bebat,
731 1466 794 1513 ut
838 1457 990 1531 prius
1025 1457 1179 1530 quasi
1225 1456 1538 1530 conrigeret
1582 1474 1649 1512 eo
1696 1456 1957 1520 subiect0,
2007 1456 2152 1530 quod
2197 1456 2375 1513 minus
2423 1458 2668 1532 quidem,
2717 1466 2801 1514 set

511 1561 558 1617 si
595 1559 728 1615 illud
774 1557 1188 1634 inprobareturq,
1243 1568 1389 1615 certe
1432 1559 1723 1614 tenendum
1770 1567 1942 1620 esset,
2002 1558 2055 1614 in
2112 1575 2217 1633 qua
2260 1559 2629 1615 membrorum
2667 1578 2799 1616 con-

511 1661 788 1718 iunctione
846 1667 949 1715 aut
999 1658 1178 1716 locum
1229 1659 1428 1717 habere
1478 1662 1693 1717 ostendi
1751 1659 1881 1717 olim
1936 1660 2002 1716 ad
2048 1657 2160 1717 Cat.
2205 1666 2301 1724 26,
2343 1667 2376 1718 2
2423 1681 2477 1737 p.
2522 1669 2606 1723 99.
2687 1662 2797 1717 Csr.

509 1763 677 1819 Hand.
725 1762 880 1819 TurS.
923 1761 944 1816 l
985 1737 1204 1836 p.'54o.
1295 1761 1556 1819 Similiter
1596 1771 1682 1826 85,
1731 1770 1798 1823 13
1833 1780 1899 1818 ex
1944 1763 2182 1836 optumis
2224 1761 2379 1817 libris
2408 1780 2530 1818 cum
2559 1763 2796 1820 Linkero

510 1865 692 1939 recepi
736 1879 883 1937 quae
918 1865 1006 1919 illi
1047 1866 1252 1919 audire
1291 1871 1392 1920 aut
1435 1867 1625 1937 leqere
1668 1867 1863 1926 solent,
1908 1863 2000 1920 ubi
2041 1870 2098 1920 et
2130 1867 2319 1936 leyere
2359 1864 2529 1920 ceteri
2559 1881 2796 1939 conpro-

508 1968 719 2024 bavere.
806 1965 1015 2022 Etenim
1058 1966 1260 2023 rectius
1315 1967 1513 2022 Marius
1570 1967 1750 2024 dicere
1802 1966 2085 2023 videbatur
2142 1965 2246 2022 alia
2303 1965 2427 2022 illos
2468 1965 2655 2040 legere
2692 1967 2794 2022 alia

507 2071 709 2132 audire,
747 2087 858 2125 non
899 2069 1082 2124 eadem
1127 2078 1182 2125 et
1223 2069 1410 2125 audire
1455 2076 1510 2126 et
1555 2068 1755 2142 legere.

674 2172 734 2228 In
776 2172 962 2228 eadem
1002 2170 1062 2226 G.
1107 2171 1236 2226 Mari
1279 2170 1527 2227 oratione
1572 2169 1834 2226 nonnulla
1876 2188 1941 2226 ex
1975 2169 2234 2226 Vaticano
2262 2170 2591 2226 emendanda
2621 2171 2792 2228 fuere.

505 2275 696 2331 Levius
747 2282 832 2330 est
875 2280 942 2332 12
999 2277 1053 2328 et
1108 2280 1240 2329 acta
1285 2275 1567 2329 maiorum
1622 2280 1678 2328 et
1724 2273 2079 2329 Graecorum
2135 2274 2409 2328 militaria
2447 2281 2791 2346 praecepta,

508 2377 763 2452 quoniam
807 2384 988 2432 utrum
1035 2374 1139 2430 hoc
1184 2374 1386 2448 probes
1444 2393 1511 2430 an
1570 2393 1691 2431 cum
1736 2374 1956 2431 relicuis
1995 2373 2181 2437 libris,
2238 2392 2302 2430 ex
2358 2375 2555 2449 quibus
2614 2383 2790 2431 tamen

505 2477 757 2534 nonnulli
792 2475 1160 2533 vetustissumi
1206 2476 1271 2532 ad
1316 2476 1374 2536 §13
1419 2477 1701 2538 adcedunt,
1744 2477 1896 2551 prius
1942 2482 1996 2532 et
2042 2477 2399 2533 omittendum
2440 2493 2681 2541 censeaS,
2729 2496 2791 2533 ex

503 2582 748 2638 codicum
784 2578 1175 2634 aestumatione
1216 2579 1418 2652 pendet
1461 2577 1585 2651 (vid.
1620 2597 1737 2653 sup.
1771 2598 1824 2653 p.
1854 2577 1960 2652 86).
2049 2579 2240 2636 Possit
2280 2586 2459 2634 autem
2504 2585 2571 2639 16
2613 2597 2792 2652 gram-

503 2660 768 2738 maticam‘
797 2679 842 2736 si
894 2697 1004 2735 non
1049 2680 1322 2754 flagitare,
1379 2688 1433 2736 at
1487 2681 1692 2737 rectius
1740 2682 1941 2739 dictum
1989 2681 2276 2737 ostendere
2323 2681 2415 2754 qui
2462 2681 2579 2738 eius
2626 2683 2790 2756 periti

503 2793 631 2840 sunt
679 2782 992 2840 concedent.
1082 2782 1290 2838 Diutius
1333 2783 1598 2847 dubitavi,
1646 2802 1774 2840 num
1822 2789 1889 2842 14
1929 2785 2251 2840 obiciuntur
2293 2783 2359 2845 ei,
2407 2783 2553 2855 quod
2597 2783 2792 2840 relicui

504 2904 690 2946 omnes
736 2885 862 2940 libri
906 2893 1143 2948 tuentur,
1191 2887 1548 2942 obiectantur
1588 2885 2009 2960 prael'erundum
2052 2892 2215 2947 esset,
2268 2891 2368 2947 set,
2421 2902 2543 2940 cum
2584 2903 2793 2960 cogno-

499 2990 694 3044 vissem
752 2988 914 3044 etiam
971 2986 1088 3044 aliis
1144 2987 1279 3044 locis
1335 2988 1496 3044 verba
1555 2988 1807 3061 graviora
1854 3005 1884 3043 a
1945 2987 2311 3061 grammaticis
2365 2986 2619 3043 restituta
2668 3005 2791 3044 esse

499 3091 618 3165 (cfr.
663 3091 776 3162 lug.
824 3096 906 3153 16,
950 3089 1020 3163 3),
1066 3091 1228 3147 etiam
1273 3091 1327 3146 in
1370 3090 1468 3146 hac
1507 3107 1569 3145 re
1602 3098 1827 3163 optumo
1864 3088 2007 3144 libro
2046 3089 2369 3163 obsequium
2403 3090 2790 3164 praestandum

497 3195 639 3250 duxi.
719 3200 789 3254 23
826 3194 906 3248 ita
949 3208 1011 3248 se
1054 3209 1149 3249 res
1179 3194 1391 3249 habent
1425 3191 1689 3264 singulari
1731 3191 2169 3265 anteponendum
2199 3209 2318 3248 esse
2348 3189 2505 3248 facile
2545 3191 2791 3265 adparet,

499 3295 753 3370 quoniam
797 3293 995 3369 plurali
1041 3295 1378 3369 exprimitur,
1439 3311 1620 3350 rerum
1666 3301 1913 3348 naturam
1952 3301 2007 3350 et
2038 3295 2281 3351 ordinem
2327 3295 2402 3349 ita
2442 3294 2623 3350 serre.‘
2694 3294 2793 3350 Set

495 3398 748 3454 audacius
793 3396 986 3453 fecisse
1029 3396 1267 3458 videbor,
1305 3413 1426 3452 cum
1470 3395 1634 3469 paulo
1680 3403 1808 3471 post
1848 3397 2013 3452 cuius
2042 3399 2133 3452 rei
2165 3412 2267 3469 690
2302 3399 2554 3467 inopiam
2588 3395 2793 3467 faleor

499 3498 710 3572 scripsi,
757 3477 858 3554 nec
906 3497 1052 3572 quod
1096 3498 1151 3552 in
1190 3491 1254 3552 P1
1305 3500 1537 3554 cuiusce
1582 3515 1746 3573 supra
1776 3498 1981 3573 scripto
2026 3499 2064 3554 h
2105 3496 2311 3571 legitur
2363 3498 2617 3554 idoneum
2666 3497 2789 3552 eius

495 3599 823 3674 suspicionis
883 3599 1276 3655 munimentum
1324 3617 1445 3655 esse
1500 3599 1838 3656 clamabitur.
1926 3600 2111 3675 Neque
2167 3599 2485 3673 ignorabam
2538 3600 2665 3655 hice
2716 3599 2788 3655 ab

496 3701 756 3758 Sallustio
810 3702 877 3758 de
932 3701 1011 3757 eis
1072 3701 1235 3758 rebus
1291 3702 1493 3758 dictum
1534 3719 1682 3765 esse,
1732 3703 1799 3758 de
1846 3702 2044 3776 quibus
2088 3709 2207 3758 tum
2251 3703 2368 3776 agit
2424 3700 2567 3774 (Cat.
2612 3707 2708 3764 17,
2753 3709 2789 3761 5

493 3804 731 3861 huiusce
774 3804 978 3860 consili
1019 3803 1052 3856 i.
1090 3821 1136 3860 e.
1181 3805 1247 3860 de
1280 3821 1388 3877 quo
1429 3804 1481 3859 h.
1526 3803 1563 3858 1.
1608 3803 1797 3859 dicam.
1872 3804 1986 3877 lug.
2032 3811 2119 3868 80,
2167 3810 2202 3864 4
2245 3788 2481 3860 huiusce
2512 3803 2643 3860 belli
2670 3802 2705 3856 i.
2734 3819 2785 3858 e.

495 3907 641 3981 quod
684 3907 788 3960 hoc
831 3905 973 3961 libro
1019 3905 1248 3978 scribo),
1309 3916 1392 3963 set
1433 3905 1625 3980 utique
1662 3905 1793 3961 mihi
1839 3906 2035 3962 mirum
2084 3905 2367 3962 videbatur
2410 3921 2521 3979 quo
2564 3904 2787 3960 tandem

491 4010 654 4066 modo
691 4007 946 4064 librarius
987 4009 1052 4065 ab
1096 4010 1330 4066 huiusce
1371 4009 1436 4065 ad
1481 4011 1714 4065 cuiusce
1757 4008 2012 4086 aberrare
2055 4009 2329 4082 potuerit,
2370 4006 2476 4062 nisi
2519 4007 2686 4062 cuius
2724 4005 2785 4061 in

490 4113 728 4167 huiusce
779 4120 1094 4168 coni-ectum
1149 4111 1401 4185 legisset,
1455 4119 1510 4167 et
1566 4110 1711 4185 quod
1763 4112 1930 4167 cuius
1970 4111 2060 4165 rei
2115 4127 2227 4166 non
2274 4119 2382 4167 tam
2428 4109 2494 4166 ad
2535 4109 2785 4181 ylariam

489 4216 769 4270 maiorum
814 4231 972 4289 quam
1011 4215 1076 4271 ad
1116 4213 1668 4273 conmemorationem
1715 4230 1905 4268 eorum
1948 4211 2217 4268 factorum
2256 4212 2483 4268 sortium
2522 4210 2782 4274 refertur,

489 4315 741 4373 librarios
796 4325 856 4372 ut
911 4318 1149 4374 huiusce
1187 4315 1520 4378 scriberent,
1576 4314 1809 4370 movisse
1866 4314 2000 4370 mihi
2043 4314 2451 4389 persuadebam.
2534 4312 2670 4368 Tum
2714 4319 2785 4374 26
