3042 4917
957 357 1569 403 eonnnwmmonnn
1616 356 1752 398 CAP.
1789 357 1848 398 v.
2440 339 2557 402 123

261 519 431 575 sudis
479 524 536 575 et
571 519 697 590 pila
731 517 1002 579 referens,
1056 515 1220 571 credo
1269 515 1399 586 pila
1457 514 1573 570 sine
1628 514 1777 570 ferro
1832 511 2155 586 intellegens
2214 512 2433 590 (Polyb.
2496 516 2561 572 vl

263 629 356 683 23,
409 620 496 694 10)
529 614 592 694 ¹),
641 618 935 692 Sellingius
978 625 1158 674 autem
1201 616 1236 671 l.
1277 635 1323 673 c.
1369 619 1667 673 ardentem
1710 615 2036 678 emendavit,
2094 617 2227 672 satis
2266 617 2562 691 probabili-

267 731 373 785 ter,
417 723 582 779 modo
629 739 738 796 quo
779 720 940 776 modo
981 721 1033 776 id
1084 721 1406 776 inardenti
1461 726 1834 776 conmutatum
1878 724 2025 774 esset
2072 719 2372 793 adpareret.
2468 721 2560 777 Set

267 826 403 899 quid
441 842 624 881 nonne
663 823 895 898 sulphur
935 831 991 878 et
1037 823 1189 878 taeda
1232 829 1389 886 sunt,
1434 840 1573 898 quae
1616 822 1671 877 in
1714 820 1808 877 illa
1851 839 2027 878 massa
2070 821 2326 878 ardeant?
2377 842 2557 881 nonne

267 927 530 1001 quoniam
575 927 861 998 utriusque
907 924 1048 980 idem
1092 942 1223 980 usus
1270 934 1418 987 erat,
1466 925 1522 980 in
1567 943 1735 981 unum
1778 925 1854 980 ita
1895 924 2153 997 coniungi
2198 935 2451 1001 potuere,
2497 935 2559 984 ut

267 1032 508 1086 ardenti
554 1027 846 1110 singularis
894 1028 957 1083 ad
1013 1034 1307 1101 utrumque
1357 1026 1691 1084 referretur?
1777 1028 1966 1084 Nonne
2006 1027 2240 1101 denique
2283 1031 2561 1105 postposi-

265 1141 386 1188 tum
431 1132 671 1193 videtur,
720 1149 829 1205 quo
879 1130 1002 1186 loco
1051 1147 1150 1186 suo
1193 1137 1401 1185 motum
1445 1130 1665 1203 gravius
1701 1130 2017 1190 efferretur,
2068 1131 2271 1205 quippe
2314 1151 2423 1206 quo
2467 1135 2559 1190 de-

265 1241 448 1291 tracto
496 1242 592 1290 aut
633 1232 885 1306 neglecto
935 1233 1106 1288 omnis
1146 1249 1232 1288 res
1275 1233 1453 1289 minus
1497 1231 1659 1307 plana
1703 1235 1882 1290 esset?
1970 1232 2063 1288 His
2110 1250 2214 1306 ego
2259 1235 2465 1292 caussis
2497 1243 2559 1293 ut

264 1337 374 1392 hoc
420 1353 639 1411 quoque
685 1335 808 1391 loco
853 1334 1270 1391 vetustissumos
1301 1334 1474 1392 libros
1519 1353 1779 1409 sequerer
1811 1341 1993 1390 motus
2040 1353 2175 1390 sum.

442 1489 558 1562 lug.
604 1492 706 1552 60,
753 1494 788 1547 4
845 1505 972 1544 num
1014 1487 1300 1563 oppidanis
1360 1494 1508 1544 tanta
1553 1489 1635 1545 vel
1678 1488 1913 1544 stultitia
1956 1487 2039 1544 vel
2083 1488 2333 1547 alacritas
2376 1491 2562 1566 ingeni

264 1591 390 1648 iure
435 1590 724 1654 tribuatur,
762 1598 823 1646 ut
867 1590 1198 1647 crediderint
1243 1607 1362 1645 sese
1407 1589 1474 1645 ab
1517 1592 1631 1647 suis
1664 1591 1837 1647 audiri
1877 1597 1969 1647 aut
2012 1593 2161 1649 cerni
2189 1611 2370 1668 posse,
2418 1596 2563 1669 quod

265 1694 450 1749 inesse
499 1693 554 1748 in
598 1691 865 1749 librorum
917 1693 1189 1766 scriptura
1232 1695 1404 1749 sicuti
1449 1723 1522 1734 —-
1564 1699 1805 1766 possent
1851 1693 2101 1768 plerique
2156 1714 2441 1760 censuere,
2506 1698 2561 1752 iu

264 1798 484 1853 incerto
532 1793 864 1868 relinquam,
907 1795 1040 1851 mihi
1084 1794 1403 1851 Sallustium
1447 1794 1581 1851 illud
1620 1813 1729 1852 non
1771 1796 2056 1870 scripsisse
2114 1804 2410 1873 propterea
2445 1809 2561 1856 cer·-

267 1906 385 1953 tum
443 1904 559 1960 est,
621 1897 874 1971 quoniam
927 1898 1101 1952 sicuti
1141 1915 1262 1953 cum
1308 1897 1653 1953 coniunctivo
1710 1898 1763 1953 id
1803 1905 2013 1954 tantum
2060 1899 2356 1972 significat,
2416 1902 2560 1975 quod

267 2001 393 2073 quis
436 1999 675 2062 simulet,
720 1998 866 2055 velut
909 1998 1020 2054 Cat.
1068 2005 1164 2061 38,
1211 2007 1246 2059 3
1299 2000 1402 2054 alii
1436 2002 1609 2056 sicuti
1634 2002 1842 2072 populi
1883 2003 2017 2056 iura
2060 2002 2440 2074 defenderent
2476 2035 2563 2044 —

264 2103 476 2158 bonum
512 2103 807 2173 publicum
849 2103 1184 2157 simulantes
1221 2131 1306 2140 —
1346 2103 1647 2158 certabant
1688 2101 1810 2175 (nec
1837 2102 2113 2158 divorsum
2147 2113 2231 2160 est
2269 2105 2380 2162 Cat.
2412 2112 2496 2168 28,
2533 2114 2558 2164 l

264 2207 443 2260 sicuti
473 2205 788 2260 salutatum
817 2207 1059 2261 introire
1093 2206 1172 2260 ad
1205 2203 1578 2279 Ciceronem).
1646 2204 1759 2273 Qua
1784 2222 1843 2260 re
1875 2205 2099 2279 probavi
2134 2207 2351 2264 Linkeri
2383 2225 2561 2264 emen-

265 2306 547 2363 dationem
588 2307 785 2363 sicubi.

437 2441 554 2515 lug.
602 2449 685 2506 63,
730 2448 766 2502 4
815 2441 943 2498 libri
989 2458 1174 2498 omnes
1221 2441 1502 2498 exhibent:
1564 2457 1701 2513 erqo
1754 2444 1853 2499 ubi
1898 2445 2154 2514 primum
2208 2446 2563 2502 tribunatum

265 2544 576 2600 militarem
619 2563 656 2600 a
691 2548 910 2617 populo
945 2546 1112 2617 petit,
1155 2546 1450 2616 plerisque
1489 2545 1705 2617 faciem
1760 2547 1882 2601 eius
1934 2547 2331 2618 {qnorantibus
2382 2547 2562 2620 facile

265 2652 440 2702 notus
485 2663 603 2718 per
660 2649 841 2704 omnis
901 2647 1087 2703 tribus
1141 2648 1495 2702 declaratur.
1598 2645 1744 2714 Quae
1800 2647 2041 2706 Kritzius
2119 2650 2196 2707 sic
2248 2650 2560 2724 explicavit:

267 2746 418 2803 ‘licet
463 2747 713 2822 plerique
757 2747 1080 2821 (etiamtum)
1135 2749 1326 2805 faciem
1373 2749 1491 2806 eius
1538 2749 1888 2822 ignorarent,
1949 2757 2124 2808 tamen
2172 2751 2563 2825 (conmemora-

267 2849 420 2905 tione
479 2857 702 2907 strenue
745 2851 1012 2908 factorum
1070 2868 1130 2907 ac
1177 2849 1470 2924 virtutum)
1527 2850 1686 2907 facile
1724 2857 1888 2907 notus
1946 2852 2151 2926 (factus
2197 2861 2283 2910 est
2326 2854 2411 2928 et)
2464 2873 2564 2928 per

267 2951 448 3008 omnis
482 2953 659 3010 tribus
694 2952 1034 3026 declaratur’.
1127 2953 1222 3010 Set
1259 2969 1463 3026 quaero
1518 2971 1627 3027 quo
1674 2954 1892 3010 nomine
1932 2955 1977 3010 is
2012 2956 2253 3030 scriptor
2286 2957 2561 3030 adpellan-

266 3055 370 3110 dus
417 3054 678 3118 videatur,
727 3055 819 3130 qui
853 3062 958 3111 tam
1003 3054 1172 3110 multa
1217 3053 1515 3110 lectoribus
1565 3054 1862 3129 subplenda
1899 3056 2186 3131 relinquat.
2273 3057 2560 3114 Praeterea

265 3156 430 3212 velim
476 3156 720 3231 exempla
761 3157 1130 3232 proferantur,
1179 3157 1376 3230 quihus
1413 3162 1607 3214 notum
1656 3159 1903 3229 aliquem
1946 3160 2121 3215 alicui
2158 3158 2327 3240 facio·
2357 3160 2560 3216 dictum

262 3262 392 3315 'esse
429 3258 497 3314 ab
542 3258 725 3315 latinis
781 3260 1143 3334 scriptoribus
1206 3259 1541 3316 ostendatur.
1630 3259 1881 3316 Ceterum
1936 3261 2065 3334 quid
2124 3263 2259 3317 tanti
2318 3262 2449 3324 fuit,
2512 3262 2559 3318 si

265 3359 470 3416 Marius
529 3359 762 3416 aliorum
818 3361 1256 3418 conmendationi
1319 3369 1374 3416 ct
1433 3361 1823 3434 praedicationi
1858 3346 2214 3419 'tribunatum
2272 3364 2560 3420 militarem

265 3462 530 3518 deberet?
617 3461 684 3519 Et
743 3480 847 3536 qua
907 3463 1118 3519 tandem
1180 3470 1297 3519 arte
1351 3463 1442 3537 qui
1491 3463 1558 3518 de
1616 3464 1733 3520 eius
1778 3465 2110 3522 facinoribus
2168 3472 2223 3522 et
2264 3467 2559 3524 virtutibus

153 3583 166 3594 ·
265 3564 580 3626 narrabant,
627 3572 691 3620 ut
729 3564 884 3621 facile
917 3572 1237 3622 nosceretur
1280 3565 1543 3622 effecere?
1633 3565 1848 3623 Scilicet
1880 3574 2043 3624 notus
2082 3568 2203 3632 fuit,
2245 3577 2369 3625 ante
2402 3588 2561 3644 quam

266 3673 500 3740 peteret,
540 3666 874 3723 facinoribus
919 3667 1036 3723 eius
1081 3668 1220 3723 fama
1259 3667 1542 3742 evolgatis.
1632 3667 1747 3736 Qua
1781 3686 1840 3724 re
1897 3669 2129 3744 palmam
2186 3672 2387 3728 meruit
2442 3671 2563 3728 Pal-

266 3768 488 3832 merius,
523 3787 648 3826 cum
681 3768 861 3841 factis
905 3757 1415 3826 scribundum‘esse
1461 3770 1665 3827 docuit.

437 3905 507 3960 Ut
552 3905 618 3960 de
661 3903 784 3961 loco
828 3905 942 3979 lug.
998 3910 1091 3967 64,
1131 3911 1164 3962 2
1225 3912 1372 3961 recte
1418 3906 1715 3969 iudicetur,
1772 3907 2008 3980 primum
2058 3907 2184 3980 quid
2229 3907 2557 3964 discriminis

268 4007 414 4064 inter
473 4009 667 4080 primo
723 4015 779 4063 et
827 4010 1082 4080 primum
1151 4007 1295 4082 apud
1353 4007 1671 4064 Sallustium
1739 4007 2040 4065 intercedat
2110 4009 2392 4065 dicendum
2456 4017 2556 4066 est.

266 4111 467 4166 Primo
512 4109 686 4183 igitur
724 4109 1032 4184 significare
1075 4126 1292 4183 semper
1340 4112 1498 4166 initio
1553 4111 1864 4184 conparatis
1922 4109 2171 4167 omnibus
2217 4109 2379 4174 locis,
2444 4112 2555 4168 Cat.

354 4323 413 4390 1)
462 4325 618 4376 Infra
653 4325 747 4390 60,
787 4325 820 4376 6
855 4341 1040 4378 rursus
1077 4329 1182 4377 teta
1219 4324 1403 4392 (sudes
1441 4330 1498 4376 et
1533 4324 1671 4393 pila)
1712 4327 1781 4377 ab
1820 4327 1949 4394 igne
1988 4331 2044 4378 et
2078 4327 2359 4396 lapidibus
2395 4305 2555 4398 sepa-

265 4415 394 4461 rata
426 4416 571 4462 sunt.
