3042 4917
929 291 1539 341 commumomm
1580 288 1721 336 cAr.
1762 287 1825 336 v.
2412 273 2529 334 125

241 458 335 514 dae
385 465 590 520 essent,
635 462 720 512 set
767 469 888 510 eum
932 451 1211 510 laederent
1227 426 1342 513 ⁰—-‚
1382 451 1437 507 in
1481 449 1577 506 illa
1622 450 1893 523 scriptura
1924 447 2055 504 mihi
2084 449 2531 523 acquiescendum

241 561 468 622 videtur,
512 557 835 634 praesertim
879 573 1000 612 cum
1038 554 1293 610 librarios
1331 554 1559 610 miratos
1600 552 2014 608 insolentiorem
2049 550 2381 607 locutionem
2428 554 2531 606 im-

231 664 534 733 peratoris
564 659 874 716 restituisse
905 657 1136 731 indeque
1167 657 1521 728 imperatori,
1558 654 1848 710 obscurato
1879 653 2025 727 quod
2059 670 2221 726 supra
2256 652 2529 726 adpictum

239 771 353 820 erat
399 779 461 831 ε,
510 763 710 818 sactum
756 777 876 816 esse
921 776 1031 815 non
1077 775 1308 833 prorsus
1350 757 1416 813 ab
1469 757 1584 813 veri
1626 755 1802 829 specie
1850 753 2085 811 alienum
2133 754 2222 810 sit.
2310 754 2527 810 Dativus

238 883 345 939 quo
392 865 560 921 modo
614 863 748 919 ferri
793 861 971 936 possit
1008 877 1120 916 non
1164 860 1336 922 video,
1382 876 1563 932 neque
1612 858 1755 913 enim
1808 856 1979 914 ullum
2023 857 2139 913 eius
2184 857 2401 930 generis
2441 873 2530 913 ex-

238 967 479 1042 emplum
520 965 661 1027 novi,
708 972 781 1028 et,
829 963 877 1019 si
917 963 1187 1018 rationem
1231 960 1627 1034 exploraveris‚
1662 975 1888 1031 poenas
1918 961 2094 1016 alicui
2118 965 2314 1030 petere
2360 958 2529 1032 signi-

235 1069 358 1125 ficat
405 1068 596 1144 potius
638 1083 752 1138 pro
799 1066 988 1138 aliquo
1027 1081 1186 1138 quam
1231 1065 1300 1120 ab
1344 1065 1535 1134 aliquo
1570 1068 1793 1132 peiere.
1882 1060 2019 1117 Nolo
2068 1069 2246 1116 tamen
2290 1060 2527 1124 diffiteri,

234 1188 316 1226 me
359 1187 477 1225 non
520 1169 808 1225 admodum
851 1171 1013 1241 aegre
1045 1165 1286 1223 laturum
1314 1182 1451 1227 esse,
1500 1164 1546 1221 si
1590 1163 1711 1237 quis
1759 1163 1829 1218 ob
1873 1171 1990 1218 eam
2018 1163 2189 1237 ipsam
2226 1162 2528 1236 scripturae

235 1272 614 1328 diversitatem
664 1271 799 1326 haec
854 1269 1015 1325 verba
1053 1243 1338 1342 ‘glossema
1401 1283 1522 1323 esse
1568 1265 1898 1321 iudicaverit.
1976 1264 2106 1320 Nam
2158 1280 2334 1337 neque
2388 1265 2530 1320 desi-

235 1374 573 1430 derabantur
628 1373 762 1428 haec
815 1371 976 1428 verba
1032 1377 1088 1426 et
1138 1369 1216 1426 eis
1263 1369 1452 1425 eiectis
1507 1367 1797 1424 Sallustius
1858 1367 2229 1440 ambiguitatis
2284 1366 2415 1422 vitio
2458 1365 2527 1421 li-

237 1475 535 1531 berabitur.
1670 1469 1675 1474 ’

406 1611 524 1684 lug.
571 1615 656 1674 67,
688 1616 721 1668 2
752 1607 1001 1683 plerique
1047 1607 1174 1662 libri
1211 1623 1373 1662 manu
1419 1605 1609 1679 scripti
1641 1605 1926 1661 exhibent:
1970 1607 2032 1661 id
2060 1606 2530 1661 misericordiane

238 1713 479 1784 hospitis
525 1729 602 1768 an
639 1714 909 1783 paccione
965 1715 1068 1765 aut
1119 1725 1259 1766 casu
1313 1711 1396 1763 ica
1443 1709 1699 1764 evenerit
1738 1724 1952 1778 parum
1996 1710 2392 1780 conperimuS,
2437 1707 2529 1762 alii

239 1822 338 1870 aut
367 1815 646 1886 pactione
693 1820 794 1869 aut
837 1827 1013 1881 casu,
1056 1810 1147 1867 alii
1194 1828 1271 1866 an
1304 1810 1573 1881 pactione
1612 1827 1690 1864 an
1733 1825 1891 1866 casu.
1980 1809 2110 1865 Rem
2149 1810 2321 1882 igitur
2365 1809 2411 1864 si
2451 1809 2531 1864 di·
2636 1877 2640 1880 ι

239 1915 474 1990 ligenter
514 1914 970 1976 consideraveris,
1026 1930 1148 1969 cum
1206 1911 1338 1967 illud
1398 1912 1596 1967 mirum
1634 1919 1780 1966 esset
1820 1928 1987 1966 unum
2030 1911 2291 1967 intactum
2338 1911 2531 1984 Turpi-

240 2017 368 2073 lium
400 2017 735 2091 profugisse,
772 2017 879 2072 duo
924 2022 1134 2070 tantum
1179 2015 1366 2088 quaeri
1409 2013 1657 2087 potuisse
1702 2011 2006 2084 intelleges,
2053 2019 2237 2068 utrum
2283 2029 2411 2068 casu
2451 2011 2530 2067 ef-

241 2119 484 2193 fugiendi
531 2119 868 2175 occasionem
908 2115 1230 2179 invenisset,
1279 2133 1347 2171 an
1391 2132 1453 2171 ea
1497 2114 1577 2169 illi
1616 2113 1682 2170 ab
1724 2114 1975 2169 hostibus
2018 2114 2142 2170 data
2180 2121 2354 2169 esset:
2410 2114 2529 2169 dari

240 2228 417 2277 autem
465 2220 532 2275 ab
567 2219 818 2276 hostibus
866 2219 1113 2294 potuisse
1151 2224 1246 2273 aut
1277 2216 1649 2273 misericordia
1684 2224 1776 2271 aut
1804 2216 2201 2289 promissorum
2232 2233 2344 2290 spe.
2413 2214 2530 2282 Qua
2604 2254 2620 2270 .

240 2340 296 2378 re
339 2321 694 2378 scribundum
741 2321 873 2378 mihi
916 2321 1086 2376 visum
1129 2326 1240 2376 est:
1287 2319 1758 2374 misericordiane
1805 2324 1907 2374 aut
1942 2321 2211 2389 pactione
2253 2336 2330 2374 an
2368 2335 2527 2374 casu.

407 2458 526 2531 lug.
569 2462 654 2520 70,
699 2464 732 2516 2
779 2456 1115 2531 speciosiora
1167 2473 1324 2530 quam
1372 2454 1584 2508 veriora
1628 2462 1963 2527 argumenta,
2008 2455 2207 2529 quibus
2246 2454 2375 2511 olim
2411 2457 2528 2511 cla-

243 2578 369 2616 rum
417 2567 833 2632 acceptumque
877 2558 1138 2613 advorsus
1179 2556 1445 2612 Kritzium
1483 2554 1724 2618 defendi,
1778 2573 1838 2612 ea
1889 2574 2032 2614 nunc
2073 2574 2303 2631 prorsus
2349 2557 2525 2613 abicio

241 2679 338 2718 nec
378 2661 574 2718 dubito
618 2668 810 2719 contra
871 2659 1047 2716 omnis
1103 2659 1275 2715 libros
1329 2675 1533 2715 carum
1568 2658 1881 2732 conrigere,
1943 2677 2063 2716 cum
2104 2659 2156 2714 id
2192 2676 2305 2716 non
2350 2658 2529 2715 solum

243 2763 687 2820 consuetudinem
734 2762 1030 2819 latinorum
1075 2762 1434 2835 scriptorum,
1494 2767 1579 2814 set
1622 2760 1783 2815 etiam
1826 2778 2011 2817 rerum
2057 2760 2300 2817 ordinem
2337 2770 2530 2836 postu-

241 2864 351 2920 lare
397 2864 776 2922 intellexerim.
866 2863 1084 2921 Scilicet
1129 2863 1273 2937 quod
1318 2864 1518 2919 clarus
1563 2861 1853 2935 exprimat,
1911 2862 1963 2919 id
2020 2863 2375 2936 sequentibus
2421 2863 2525 2918 dici

243 2967 606 3024 manufestum
643 2961 782 3023 est.‘

408 3103 523 3176 lug.
557 3107 642 3164 74,
667 3109 702 3162 3
731 3109 878 3158 recte
905 3101 1173 3158 Linkerus
1218 3100 1466 3174 scripsit:
1512 3099 1664 3155 Nam
1704 3098 1895 3171 ferme
1936 3098 2202 3155 Numidis
2246 3101 2307 3155 in
2351 3103 2527 3155 omni-

241 3204 343 3260 bus
377 3205 623 3276 proeliis
653 3206 835 3275 mayis
870 3205 1050 3275 pedes
1093 3220 1265 3275 quam
1309 3210 1629 3259 armatum
1654 3209 1819 3262 sum,-
1863 3217 1979 3256 eam
2017 3200 2160 3256 enim
2202 3201 2527 3275 scripturam

243 3305 523 3380 archetypi
567 3305 737 3362 fuisse
780 3313 944 3379 atque
986 3307 1252 3361 numidas
1309 3313 1364 3374 et
1418 3310 1605 3362 tutata
1649 3303 1733 3359 vel
1783 3307 1951 3358 tutati
1998 3310 2350 3360 conrecturas
2406 3320 2526 3359 esse

243 3423 305 3462 ex
343 3407 641 3470 varietate,
697 3424 834 3482 quae
893 3406 948 3462 in
989 3406 1268 3463 codicibus
1309 3413 1409 3469 est,
1457 3406 1697 3480 adparet.
1786 3404 1919 3462 Cum
1968 3414 2147 3462 autem
2194 3411 2349 3462 tutus
2388 3406 2529 3481 apud

245 3507 364 3564 Sall.
412 3526 630 3583 semper
667 3508 987 3565 adiectivum
1028 3508 1100 3564 sit
1145 3507 1268 3581 (vid.
1316 3507 1468 3580 Ind.),
1505 3509 1639 3564 adeo
1683 3508 1751 3563 de
1791 3508 2105 3566 coniectura
2147 3509 2358 3566 dativus
2406 3508 2529 3566 Nu-

241 3611 404 3667 midis
446 3611 818 3667 restituendus
856 3609 977 3666 suit.
1067 3610 1204 3666 Num
1244 3610 1415 3683 igitur
1454 3609 1550 3665 illa
1590 3611 1863 3685 scriptura
1907 3619 2034 3686 apta
2070 3612 2189 3667 est?
2265 3610 2559 3679 Quoniam'

244 3729 375 3784 quae
421 3719 543 3768 tuta
587 3722 731 3776 sunt,
778 3713 858 3768 eis
900 3711 1100 3769 confidi
1137 3720 1339 3787 potest,
1385 3711 1588 3769 factum
1625 3721 1710 3768 est
1748 3720 1811 3769 ut
1854 3719 1977 3769 tuta
2017 3713 2343 3776 dicerentur,
2392 3730 2527 3786 quae

245 3820 417 3870 tutum
473 3821 787 3888 praestent;
843 3813 948 3869 vid.
1003 3813 1134 3869 Duk.
1191 3815 1257 3870 ad
1299 3813 1444 3869 Flor.
1500 3813 1569 3868 IV
1613 3823 1671 3877 3,
1719 3821 1805 3873 22.
1873 3814 2020 3871 (1663.
2066 3815 2121 3871 Β.
2162 3815 2221 3869 G.
2273 3814 2317 3869 11
2354 3820 2450 3876 28,
2498 3824 2527 3873 1

244 3917 550 3973 victoribus
593 3916 740 3971 nihil
781 3917 1129 3989 impeditum,
1169 3917 1331 3972 victis
1373 3917 1516 3972 nihil
1558 3922 1755 3973 tutum.
1844 3916 1951 3973 Nec
1993 3914 2254 3973 dissimile
2294 3922 2381 3970 est
2413 3914 2525 3969 Cat.

245 4024 333 4080 58,
379 4025 448 4078 9:
496 4019 689 4072 omnia
725 4019 883 4075 nobis
939 4023 1066 4074 tuta
1108 4024 1281 4074 erunt
1326 4018 1359 4072 i.
1407 4034 1454 4074 e.
1501 4018 1681 4074 omnia
1725 4019 1879 4081 talia,
1934 4036 2071 4092 quae
2111 4016 2269 4073 nobis
2311 4033 2378 4071 ne
2420 4017 2528 4072 eri-

245 4118 484 4190 piantur,
536 4118 830 4176 timendum
868 4137 980 4175 non
1035 4120 1136 4183 sit,
1184 4137 1318 4194 ergo
1366 4138 1504 4194 quae
1561 4136 1663 4175 nos
1704 4119 1974 4176 adiuvent.
2058 4119 2337 4175 Sententia
2393 4135 2529 4191 ergo

249 4228 354 4275 est:
407 4219 466 4276 in
505 4220 758 4277 omnibus
810 4219 1038 4296 proeliis
1083 4220 1340 4277 Numidae
1385 4222 1551 4296 pedes
1608 4239 1769 4296 quam
1810 4238 1959 4277 arma
2016 4221 2218 4278 tutiora
2261 4221 2532 4294 praesidia

249 4319 461 4378 habent.
551 4321 699 4392 Quae
739 4323 1010 4380 sententia
1051 4323 1108 4380 in
1151 4324 1466 4380 univorsum
1497 4323 1778 4398 pertinens
1815 4341 1883 4381 611
1926 4323 1994 4380 611
2023 4324 2127 4381 1106
2171 4323 2293 4380 loco
2322 4321 2533 4379 aliena?
