3042 4917
467 309 592 372 360
1017 329 1102 370 ns
1133 331 1338 372 ussto
1385 330 1791 374 worm-nmo
1840 329 1893 372 c.
1932 323 2049 376 105.
2076 324 2226 380 ωδ.-

471 481 744 557 Paeligna
789 499 924 542 eum
971 481 1310 542 velitaribus
1355 484 1567 550 armis,
1614 484 1837 547 itineris
1880 485 2239 561 properandi
2285 503 2509 552 caussa,
2560 503 2779 563 neque

469 584 554 642 eis
595 601 770 642 secus
811 589 986 662 atque
1031 582 1160 643 aliis
1209 587 1390 644 armis
1433 580 1873 645 advorsus'tela
1918 585 2173 652 hostium
2226 585 2421 666 [quod
2482 605 2551 646 ea
2608 587 2779 646 levia

471 685 636 764 sunt]
673 687 895 744 muniti.
965 689 1068 744 Set
1107 688 1162 744 in
1197 687 1404 746 itinere
1441 689 1647 765 quinto
1678 688 1932 766 denique
1960 688 2055 747 die
2088 687 2296 755 Volux,
2328 687 2481 749 lilius
2512 687 2777 753 Bocchi,
2820 700 2857 750 3

465 794 710 864 repente
769 787 824 846 in
885 789 1106 864 eampis
1159 787 1494 865 patentibus
1570 807 1705 849 cum
1762 787 1919 848 mille
1978 807 2095 851 non
2156 791 2405 867 amplius
2460 789 2783 868 equitibus

423 906 596 952 ssese
643 887 923 956 ostendit,
971 889 1070 966 qui
1109 895 1328 948 temere
1373 898 1434 948 et
1477 891 1661 950 effuse
1694 897 1901 951 euntes
1944 890 2140 950 Sullae
2184 890 2425 970 aliisque
2478 891 2783 951 omuibus

467 997 528 1050 et
571 1007 884 1050 numerum
924 1008 1062 1048 vero
1097 991 1444 1070 ampliorem
1475 999 1534 1050 et
1564 991 1835 1050 hostilem
1870 999 2091 1052 metum
2140 991 2491 1052 efficiebant.
2570 993 2781 1070 Igitur
2822 1005 2859 1053 4

467 1109 532 1150 se
579 1091 826 1169 quisque
873 1092 1152 1168 expedire
1173 1139 1188 1160 ‚
1247 1112 1408 1153 arma
1455 1099 1631 1172 atque
1678 1093 1789 1152 tela
1838 1099 2145 1171 temptare,
2196 1095 2532 1154 intendere:
2572 1095 2783 1153 timor

468 1191 826 1272 aliquantuS,
886 1199 976 1252 set
1031 1212 1167 1271 spes
1209 1194 1488 1272 amplior,
1558 1196 1776 1274 quippe
1824 1196 2145 1257 victoribus
2204 1202 2261 1254 et
2314 1196 2601 1256 advorsus
2654 1213 2783 1254 eos

467 1311 618 1372 quos
671 1312 846 1372 saepe
907 1296 1184 1355 vicerant.
1279 1296 1516 1356 Interim
1576 1298 1801 1375 equites
1844 1297 2212 1375 exploratum
2256 1297 2564 1373 praemissi
2604 1315 2781 1365 rem,
2824 1313 2861 1363 5

403 1419 450 1458 w
471 1396 552 1456 uti
591 1403 735 1464 erat,
783 1397 1038 1474 quietam
1085 1398 1370 1456 muntiant.
1467 1397 1653 1458 Volux
1714 1398 2029 1460 adveniens
2084 1404 2455 1477 quaestorem
2502 1397 2783 1476 adpellat
2806 1397 2925 1457 106

469 1497 724 1574 dicitque
768 1516 830 1558 se
876 1515 906 1556 a
955 1504 1120 1575 patre
1169 1499 1406 1559 Boccho
1447 1499 1679 1558 obviam
1722 1499 1833 1559 illis
1866 1500 2039 1560 simul
2082 1507 2139 1560 et
2170 1499 2459 1578 praesidio
2488 1500 2777 1558 missum.

469 1597 692 1664 Deinde
737 1618 872 1658 eum
918 1606 976 1658 et
1021 1615 1372 1676 proxumum
1419 1601 1575 1660 diem
1624 1603 1749 1660 sine
1808 1607 1966 1660 metu
2030 1603 2325 1662 coniuncti
2372 1607 2530 1660 eunt.
2617 1599 2785 1660 Post
2822 1617 2857 1663 2

469 1698 570 1758 ubi
607 1707 798 1760 castra
843 1699 1028 1760 locata
1079 1709 1136 1760 et
1175 1702 1287 1762 diei
1335 1720 1541 1778 vesper
1578 1708 1721 1768 erat,
1764 1709 2009 1780 repente
2053 1699 2293 1762 Maurus
2326 1703 2551 1761 incerto
2598 1701 2783 1762 voltu

471 1817 690 1877 pavens
733 1801 804 1862 ad
846 1801 1066 1863 Sullam
1104 1803 1366 1864 adcurrit
1417 1805 1673 1882 dicitque
1730 1803 1841 1864 sibi
1886 1822 1967 1890 gx
2026 1803 2498 1880 speculatoribus
2554 1805 2783 1880 cogni-

401 1929 447 1968 15
475 1909 618 1970 tum,
673 1903 1016 1981 Iugurtham
1063 1904 1202 1964 haut
1241 1904 1446 1981 procul
1491 1904 1730 1965 abesse:
1792 1903 1963 1964 simul
2010 1905 2091 1962 uti
2136 1910 2315 1964 noctu
2358 1903 2507 1964 clam
2552 1922 2783 1963 secum

469 2003 830 2081 profugeret,
879 2013 1048 2084 rogat
1085 2013 1260 2083 atque
1303 2006 1592 2065 hortatur.
1697 2006 1799 2065 lue
1854 2008 2049 2066 auimo
2098 2006 2280 2065 feroci
2340 2011 2517 2080 negat
2564 2023 2629 2064 se
2674 2011 2783 2064 to·
2822 2019 2859 2069 3

609 2188 686 2238 10.
735 2191 886 2240 Serv.
927 2193 996 2240 ad
1033 2193 1197 2256 Verg.
1237 2193 1371 2240 Aen.
1411 2193 1457 2240 V
1495 2191 1620 2240 540:
1676 2193 1917 2256 Appellat
1966 2196 2041 2240 vel
2089 2193 2213 2240 dicit
2256 2195 2337 2240 vel
2367 2194 2575 2240 salutat.
2647 2191 2783 2240 Sal-

469 2259 671 2306 lustius:
712 2259 1012 2308 adveniens
1050 2259 1210 2308 velox
1248 2265 1596 2323 quaestorem
1634 2259 1898 2324 appellat.

610 2323 686 2373 16.
722 2326 861 2374 Non.
899 2344 950 2391 p.
989 2325 1114 2375 288:
1155 2329 1318 2376 Ferus
1354 2334 1430 2376 est
1460 2343 1654 2386 saevus,
1689 2328 1851 2389 ferox
1881 2327 2038 2389 sortis
2075 2353 2141 2360 —-
2180 2353 2239 2361 —-
2279 2325 2547 2376 Sallustius
2584 2329 2637 2374 in
2672 2326 2783 2376 Iu-

465 2393 681 2454 ‚qurclzae
719 2393 876 2443 bello:
925 2395 1019 2443 ille
1069 2396 1250 2444 animo
1299 2395 1474 2444 feroci
1510 2401 1682 2459 negat
1726 2411 1785 2445 se
1822 2396 2029 2445 totiens
2073 2395 2253 2443 fusam
2288 2394 2600 2443 Numidiam
2638 2410 2783 2458 per-

475 2459 766 2509 timescere
803 2460 995 2525 [fusum
1037 2463 1296 2512 Numidam
1323 2460 1540 2527 AIMJ.

476 2661 520 2709 1.
567 2662 813 2726 pelligna
851 2663 924 2728 g·'‘.
998 2664 1282 2728 pellingna
1319 2663 1392 2730 gl.
1454 2664 1748 2730 praeligna
1774 2664 1849 2730 g³.
1911 2665 2165 2730 preligna
2199 2663 2237 2713 l.
2327 2663 2543 2713 itineris
2588 2679 2781 2714 causa.

472 2730 831 2794 properandis
869 2731 943 2795 g0.
989 2757 1054 2765 —-
1099 2732 1147 2778 2.
1187 2732 1234 2780 is
1270 2729 1393 2796 ⁸¹⁶5*
1419 2730 1563 2796 (sup.
1588 2733 1672 2795 h).
1742 2733 1829 2782 his
1865 2739 1942 2782 vel
1974 2732 2084 2782 hiis
2118 2735 2213 2782 rel.
2320 2746 2497 2795 neque
2536 2730 2668 2780 aliis
2708 2733 2781 2796 p⁶

473 2798 644 2856 (con-r.
686 2797 880 2861 atque)
916 2815 982 2847 m.
1093 2799 1380 2848 advorsum
1426 2799 1531 2864 p²s.
1626 2800 1886 2850 adversus
1933 2796 2359 2865 p⁴mm¹gg⁸tfoy.
2442 2798 2678 2848 adversa
2732 2800 2776 2848 l.

474 2864 761 2914 adversum
795 2870 889 2914 rel.
997 2861 1324 2930 quamquam
1361 2873 1489 2917 sunt
1512 2868 1661 2916 levia
1686 2866 1761 2931 1³⁸.
1835 2883 2162 2932 quamquam
2186 2868 2299 2916 sint
2324 2867 2462 2916 levis
2488 2863 2552 2914 s¹.
2618 2869 2779 2930 quod

473 2933 622 2982 levia
659 2949 727 2983 ea
763 2939 890 2982 sun‘t
927 2932 1016 2982 ιη’.
1091 2936 1346 2998 quoniam
1382 2935 1531 2984 levia
1568 2941 1696 2984 sunt
1732 2933 1825 2984 Μ’.
1898 2935 2134 2985 hostium
2171 2950 2238 2983 ea
2262 2934 2414 2984 levia
2450 2933 2651 2982 muniti
2684 2935 2772 2999 g5.

473 3001 615 3063 quod
653 3001 768 3050 tela
803 3001 903 3050 illa
939 3002 1088 3051 levia
1125 3007 1251 3051 sunt
1271 3003 1346 3067 3¹³.
1409 3017 1579 3052 causa
1606 3003 1748 3066 quod
1774 3019 1842 3053 ea
1867 3003 2016 3053 levia
2052 3006 2179 3052 sunt
2202 3017 2379 3065 neque
2418 3029 2481 3037 —
2518 3001 2775 3052 hostium

471 3069 669 3118 muniti
707 3067 780 3134 p2.
856 3069 1003 3119 levia
1049 3076 1176 3119 sunt
1223 3076 1382 3120 erant
1417 3071 1611 3118 muniti
1650 3085 1701 3133 γ.
1763 3097 1825 3106 --
1886 3070 1935 3120 3..
1983 3070 2220 3134 denique
2267 3085 2364 3118 om.
2408 3065 2771 3134 p¹p⁸p⁶gg⁵s¹.

473 3137 666 3201 quinto
703 3137 916 3188 decimo
954 3138 1042 3186 die
1081 3137 1156 3201 ς’.
1230 3139 1419 3202 quinto
1457 3138 1546 3186 die
1572 3138 1810 3202 denique
1848 3137 1925 3203 p5.
1980 3138 2077 3187 'die
2114 3139 2305 3201 quinto
2342 3137 2577 3201 denique
2616 3143 2658 3186 t.
2694 3163 2773 3173 —·

472 3203 521 3252 5.
559 3203 734 3266 syllae
775 3211 830 3254 et
868 3207 1118 3254 omnibus
1145 3204 1272 3256 aliis
1308 3204 1382 3270 p5.
1457 3205 1633 3268 syllae
1662 3209 1718 3254 et
1745 3206 1873 3255 aliis
1900 3205 2148 3255 omnibus
2175 3202 2361 3270 m¹g⁸y.
2399 3231 2467 3240 —-
2500 3203 2553 3252 6.
2590 3206 2773 3254 omni-

473 3273 572 3321 bus
622 3287 902 3322 numerum
950 3271 1110 3340 p³g¹r.
1194 3279 1250 3322 et
1297 3288 1576 3322 numerum
1622 3289 1717 3321 om.
1766 3274 1803 3322 f.
1878 3273 2128 3322 omnibus
2165 3272 2234 3322 ob
2272 3287 2557 3322 numerum
2592 3299 2659 3307 -—
2694 3299 2773 3308 ——

471 3339 727 3388 hostilem
764 3339 838 3404 g⁴.
945 3352 1076 3390 vero
1115 3341 1434 3405 ampliorem
1469 3356 1539 3388 m.
1615 3341 1933 3405 ampliorem
1970 3357 2100 3390 vero
2137 3343 2231 3389 rel.
2314 3356 2445 3389 vero
2492 3355 2587 3389 om.
2626 3337 2771 3405 p⁴m²

472 3405 766 3470 geg-ufey.
804 3434 867 3441 —
907 3408 954 3455 7.
993 3424 1113 3458 sese
1153 3409 1380 3473 quisque
1420 3404 1695 3472 p⁵m¹g²g⁶.
1802 3409 2051 3458 omnibus
2088 3407 2346 3472 expedire
2382 3423 2425 3455 r.
2500 3408 2769 3471 expedire

473 3474 638 3522 armis
675 3473 738 3522 s2.
817 3475 1073 3538 expedire
1111 3475 1184 3524 ad
1221 3492 1374 3525 arma
1411 3489 1457 3524 σ.
1567 3475 1681 3524 tela
1720 3476 1833 3525 alia
1872 3474 2030 3541 g²p⁶r.
2138 3480 2411 3540 temptare
2449 3480 2767 3539 temperare

473 3541 759 3590 intendere
799 3541 872 3606 g2.
947 3547 1216 3607 temptare
1253 3542 1491 3593 vendere
1530 3541 1606 3608 p⁴.
1678 3543 1974 3593 incendere
2013 3543 2050 3592 f.
2112 3569 2181 3578 --
2236 3541 2288 3591 8.
2340 3547 2395 3591 et
2440 3559 2535 3592 vm.
2573 3541 2766 3606 p¹p⁶s².

473 3609 733 3658 adversus
770 3607 1002 3673 M²p³mg
1027 3609 1189 3673 (conr.
1217 3610 1355 3672 sum)
1383 3607 1508 3674 g¹s².
1585 3611 1870 3661 adversum
1908 3615 2002 3660 rel.
2051 3636 2116 3644 -
2170 3608 2247 3658 10.
2284 3610 2367 3658 uti
2404 3615 2529 3658 erat
2562 3607 2769 3674 M²p¹p²

471 3674 1545 3743 p³p⁵mm¹m²gg¹g²g³g⁴g⁵g⁶g⁷ss²lrtony.
1616 3684 1678 3727 ut
1712 3680 1997 3743 pugnatim
2037 3683 2157 3727 erat
2192 3695 2225 3742 p
2264 3675 2341 3736 (td
2362 3693 2433 3726 eoe
2462 3678 2767 3742 pugnaturi

469 3753 638 3793 natum
675 3747 811 3810 quod
837 3749 1167 3809 praeyresst‘s
1205 3748 1427 3795 nonnulli
1470 3746 1590 3794 libri
1622 3747 1896 3808 adiciunt).
1981 3761 2093 3795 rem
2142 3745 2387 3809 quietam
2431 3745 2515 3794 uti
2563 3750 2687 3794 erat
2719 3749 2766 3792 t.

469 3818 530 3860 ut
567 3818 687 3861 erat
723 3814 965 3876 quietam
1001 3829 1115 3862 rem
1151 3810 1228 3877 p4.
1297 3814 1382 3862 uti
1420 3814 1607 3877 quieta
1645 3819 1765 3863 erat
1801 3811 1867 3862 3¹.

640 3881 868 3929 veniens
906 3879 1093 3945 p⁶s²g⁵.
1131 3908 1196 3916 —
1237 3879 1313 3928 ll.
1354 3881 1601 3943 dixitque
1628 3897 1679 3944 γ.
1716 3886 1857 3931 uncia
1892 3884 2095 3931 inclusit
2120 3879 2277 3929 Linlc.
2374 3880 2457 3928 eis
2481 3873 2645 3928 simul
2670 3877 2764 3928 ιιι..

470 3947 804 4011 praesidium
825 3946 1310 4013 M²pp³p⁴g³g⁶s²tm
1341 3976 1402 3983 -—-
1446 3948 1525 3996 12.
1556 3954 1610 3997 et
1634 3949 1833 3997 deinde
1860 3948 1935 4013 g‘.
1997 3948 2233 4011 indeque
2260 3961 2383 3998 eum
2408 3945 2506 3996 M2.
2560 3947 2766 3996 deinde

469 4030 567 4079 per
606 4030 726 4063 eum
764 4013 998 4079 p⁴gg⁴g⁶.
1075 4023 1131 4065 et
1167 4017 1294 4065 inde
1332 4017 1390 4065 in
1426 4017 1731 4080 proximum
1767 4014 1832 4065 s¹.
1906 4015 2035 4069 inde
2073 4015 2131 4064 in
2166 4015 2471 4079 proximum
2494 4030 2547 4078 γ.
2638 4029 2763 4064 eum

469 4099 562 4131 om.
603 4080 677 4146 p¹.
751 4099 872 4131 eum
911 4079 965 4132 et'
999 4099 1093 4132 om.
1134 4081 1209 4147 g5.
1285 4099 1350 4132 eo
1388 4090 1446 4132 et
1478 4085 1724 4148 proximo
1762 4084 1849 4132 die
1886 4083 1924 4131 1.
1998 4087 2055 4132 et
2096 4083 2327 4146 primum
2366 4087 2423 4130 et
2458 4082 2763 4146 proximum

469 4148 544 4214 p3.
590 4174 661 4185 —-
710 4148 786 4199 13.
838 4166 1070 4214 vespera
1117 4149 1190 4214 p¹.
1273 4166 1471 4214 vesper
1519 4151 1715 4200 aderat
1760 4151 1833 4215 g⁶.
1940 4150 2091 4199 voltu
2136 4162 2215 4198 so.
2287 4150 2501 4198 incerto
2549 4164 2761 4214 pavens

361 4264 369 4271 ,
469 4217 626 4265 vultu
671 4216 765 4265 M2.
825 4243 890 4253 --
955 4218 1032 4266 14.
1079 4233 1289 4281 pavens
1342 4225 1483 4267 uncis
1533 4220 1771 4268 eireumd.
1824 4217 1976 4266 Link.
2094 4217 2337 4265 occurrit
2382 4212 2755 4282 p³p⁵g⁴g⁵g⁸s¹.

471 4285 642 4332 currit
677 4297 743 4348 σγ
787 4284 928 4348 (sup.
969 4285 1088 4344 ob).
1172 4286 1412 4335 cucurrit
1457 4286 1533 4349 g⁷.
1648 4287 1895 4350 dicitque
1940 4299 2118 4336 rursus
2165 4284 2307 4334 uncis
2352 4285 2581 4334 inclusit-
2602 4283 2753 4332 Linlc.

471 4367 503 4400 a
541 4351 982 4415 speculatoribus
1019 4349 1892 4418 M²pp3p⁴p⁰m¹gg³g⁵g⁶s¹s²rthoy.
1956 4351 2442 4417 expeculatoribus
2466 4348 2605 4417 είς-ἲ.
2674 4355 2755 4400 to-

1423 4587 1449 4600 O
