3042 4917
923 286 1539 337 conmnNTA'rIoutm
1586 286 1731 330 cAP.
1779 287 1850 329 11.
2438 262 2519 328 25

235 445 478 519 opineris
529 444 633 501 nisi
677 442 893 499 Metello
937 442 1240 500 Numidiam
1282 442 1613 517 provinciam
1670 441 1737 497 ab
1782 426 1975 499 seriatu
2018 441 2289 498 decretam
2334 440 2521 504 fuisse,

234 546 406 603 facile·
437 546 683 602 videatur
738 546 910 602 senati
952 546 1246 607 d'ecretum,
1295 544 1442 619 quod
1486 544 1604 619 ipse
1646 549 1743 607 62,
1794 552 1861 603 10
1900 544 2355 607 conmemoravit,
2396 562 2521 602 cum

235 649 410 707 altero
451 647 763 722 posteriore
805 648 1134 704 confudisse.
1208 646 1277 702 At
1325 646 1656 723 provinciam
1694 645 1745 703 ei
1779 652 2132 721 prorogatam
2175 646 2361 713 fuisse,
2398 664 2522 703 cum

232 769 298 807 ex
343 750 424 806 eis
469 749 646 807 verbis
693 749 916 807 Sallusti
959 750 1184 823 adparet
1225 766 1364 823 quae
1406 748 1566 805 nobis
1611 756 1821 805 servata
1858 757 2004 812 sunt,
2052 756 2169 805 tum
2210 748 2336 805 inde
2376 750 2522 824 quod

235 853 341 909 nisi
387 852 658 926 inperium
693 852 751 908 in
789 870 834 907 a.
869 858 968 911 106
1007 844 1368 925 prorogatssn
1414 850 1613 907 fuisset
1657 850 1819 925 idque
1862 849 2111 907 futurum
2150 868 2271 907 esse
2310 858 2520 908 tantum

237 961 528 1029 sperasset,
575 971 687 1010 non
729 953 914 1027 potuit
957 952 1339 1009 contumeliam
1386 952 1488 1008 sibi
1535 952 1729 1009 factam
1771 952 2218 1026 indignissumam
2258 954 2525 1029 conqueri

235 1055 358 1127 (vid.
407 1062 545 1111 orat.
591 1055 710 1111 eius
744 1073 830 1129 ap.
865 1055 999 1111 Gell.
1045 1055 1134 1110 XII
1175 1062 1224 1115 9.
1273 1054 1400 1111 Sall.
1446 1056 1561 1129 lug.
1607 1062 1695 1116 82.
1736 1054 1809 1128 31.-
1892 1054 1987 1111 Set
2030 1072 2154 1113 cum
2192 1055 2371 1113 omnia·
2420 1056 2525 1111 cir-

232 1158 646 1232 cumspicimus,
701 1156 993 1229 vestigium
1037 1157 1367 1220 invenimus,
1430 1157 1577 1231 quod
1636 1157 1773 1215 viam
1817 1158 2093 1220 ostendat,
2146 1162 2263 1232 qua'
2300 1157 2366 1213 ad
2411 1159 2523 1215 veri

236 1248 466 1316 similem
510 1250 879 1315 coniecturam
923 1258 1185 1315 veniatur.
1273 1258 1563 1315 Recentior
1606 1259 1747 1317 enim
1790 1259 1952 1334 primi
1994 1260 2213 1333 generis
2255 1258 2522 1317 librorum

235 1360 438 1418 familia
501 1342 610 1417 uno
665 1376 938 1417 consensu
992 1365 1078 1417 set
1127 1367 1364 1417 senatus
1418 1363 1611 1432 paulo·
1662 1362 1819 1417 decio
1876 1364 2215 1419 decreverat
2278 1360 2521 1437 praehet.

236 1462 394 1531 Quod
431 1461 500 1517 ab
541 1461 782 1517 librariis
825 1462 1010 1519 fictum
1057 1480 1178 1519 esse
1231 1480 1356 1519 cum
1396 1481 1628 1538 prorsus
1673 1463 1985 1519 incredibile
2031 1463 2130 1527 sit,
2196 1481 2372 1538 neque
2424 1462 2523 1519 illo

237 1548 486 1638 tempore
525 1564 714 1620 Decius
759 1564 922 1620 homo
955 1563 1204 1621 inlustris
1247 1573 1302 1621 et
1333 1545 1646 1639 praeclarus
1671 1565 1855 1629 fuerit,
1908 1566 1965 1623 in
2004 1534 2300 1641 arelietypo
2335 1566 2521 1629 fuisse,

236 1666 380 1722 unde
424 1667 586 1721 decio
630 1673 960 1740 conruptum
1008 1667 1109 1729 sit,
1157 1649 1522 1747 manufestum
1567 1674 1669 1722 est.
1744 1667 1925 1741 Atque
1962 1668 2037 1729 ‹in
2090 1675 2352 1742 promptu
2393 1685 2523 1725 con·

236 1768 446 1825 iectura
491 1774 606 1830 est,
659 1765 794 1824 illud
844 1770 1030 1824 denuo
1076 1767 1263 1825 fuisse.
1343 1768 1446 1825 Res
1506 1769 1680 1842 igitur
1724 1770 1829 1826 hoc
1868 1770 2031 1826 modo
2078 1770 2331 1827 videntur
2375 1779 2524 1828 actae

235 1888 384 1925 esse:
445 1869 578 1925 Cum
625 1869 824 1935 Marius
871 1869 1067 1925 consul
1123 1869 1298 1925 factus
1351 1876 1527 1932 esset,
1578 1877 1800 1927 senatus
1849 1871 2092 1945 quamvis
2134 1870 2255 1945 lege
2294 1841 2546 1929 Mamilia*

237 1971 496 2029 nobilitas
545 1972 666 2027 susa
711 1978 766 2027 et
808 1964 952 2027 Mari
983 1971 1248 2045 petitione
1293 1953 1543 2045 perculsa
1588 1972 1875 2044 essct-²(65‚
1918 1983 1949 2033 5
1996 1980 2051 2029 et
2093 1980 2178 2036 73,
2226 1973 2297 2047 7),
2347 1981 2523 2031 tamen

237 2092 346 2148 quo
392 2073 479 2129 vel
520 2072 723 2129 Metelli
769 2073 970 2131 samam
1003 2073 1346 2135 defenderet,
1395 2072 1479 2128 vel
1526 2073 1579 2128 id
1620 2075 1768 2148 quod
1812 2074 1920 2129 veri
1964 2075 2222 2139 similiuS,
2266 2075 2397 2131 Mari
2445 2076 2524 2131 in-

233 2175 570 2249 portunitati
615 2184 670 2230 et
709 2176 947 2249 partium
979 2174 1173 2231 studiis
1204 2174 1502 2237 resisteret,
1546 2174 1762 2231 Metello
1801 2174 2072 2251 inperium
2117 2177 2523 2251 prorogandum

231 2279 563 2333 decreverat.
651 2275 762 2344 Qua
801 2294 861 2333 re
905 2275 1256 2333 exacerbatus
1299 2277 1356 2331 Τ.
1391 2275 1621 2333 Manlius
1665 2277 1939 2335 Mancinus
1984 2278 2057 2343 ad
2092 2278 2355 2353 populum
2401 2278 2525 2335 tulit

233 2378 467 2451 eiusque
513 2378 667 2435 iussu
713 2378 982 2453 inperium
1027 2377 1154 2433 belli
1193 2377 1431 2434 Africani
1477 2378 1545 2433 ad
1583 2378 1807 2435 Marium
1844 2353 2163 2452 translatum
2206 2388 2306 2436 cst.
2378 2380 2525 2449 Quae

233 2478 480 2553 suspicio
534 2479 750 2535 duobus
803 2479 1142 2553 argumentis
1193 2479 1563 2536 confirmatur.
1645 2482 1884 2538 Primum
1930 2482 2073 2537 enim
2128 2500 2250 2539 cum
2299 2482 2393 2556 qui
2436 2482 2527 2538 illa

233 2589 414 2637 aetate
451 2579 719 2655 populum
767 2580 1085 2644 tractabant,
1131 2580 1190 2636 G.
1236 2580 1533 2643 Memmius,
1581 2582 1639 2637 G.
1686 2582 1969 2647 Mamilius,
2023 2584 2115 2640 alii
2154 2602 2276 2642 cum
2320 2602 2527 2641 summa

233 2683 504 2739 modestia
545 2691 600 2738 et
645 2683 982 2739 continentia
1023 2690 1078 2737 et
1115 2683 1190 2739 ita
1227 2690 1288 2739 ut
1335 2682 1484 2756 leges
1534 2684 1635 2759 ipsi
1678 2684 2112 2759 diligentissume
2158 2686 2524 2750 observarent,

233 2784 580 2841 nobilitatem
636 2783 1088 2859 inpugnavcrint,
1162 2802 1256 2840 eos
1312 2802 1562 2860 sperasse
1620 2786 1739 2843 sore
1784 2796 1847 2845 ut
1905 2806 2003 2844 sua
2055 2797 2252 2863 sponte
2306 2798 2527 2847 senatus

233 2886 406 2942 Mario
449 2885 750 2941 Numidiam
795 2886 1138 2948 decerneret,
1195 2894 1252 2941 ct
1298 2894 1412 2942 tum
1456 2888 1672 2943 demum
1718 2906 1839 2945 cum
1881 2898 2071 2947 contra
2117 2908 2269 2965 spem
2312 2909 2388 2947 ne
2421 2891 2528 2946 Me-

235 2987 372 3044 tello
417 2988 806 3044 succederetur
843 2988 1122 3044 decretum
1165 2994 1328 3050 esset,
1377 2972 1645 3045 rationem
1692 2991 2023 3065 asperiorem
2064 2992 2251 3049 iniisse
2294 3011 2526 3067 prorsus

233 3088 496 3145 credibile
553 3095 652 3145 est.
741 3090 876 3145 Tum
927 3089 1128 3145 Marius
1175 3098 1470 3165 postquam
1529 3091 1594 3147 ad
1646 3110 1770 3148 eum
1828 3092 2099 3167 inperium
2140 3093 2379 3150 delatum
2422 3102 2525 3157 est,

235 3198 343 3247 tam
389 3190 734 3247 vehementer
769 3190 824 3245 in
869 3174 1211 3247 nobilitatem
1253 3209 1316 3247 ea
1363 3193 1637 3255 oratione,
1683 3210 1844 3267 quam
1878 3193 2169 3251 Sallustius
2214 3213 2259 3251 c.
2290 3203 2528 3271 85,.per-
2582 3214 2603 3221 ·

233 3292 490 3367 scripsit,
539 3291 820 3366 ingressus
863 3299 977 3357 cst,
1031 3301 1092 3349 ut
1149 3294 1458 3350 necessario
1519 3295 1867 3351 statuendum
1928 3295 2173 3352 videatur
2219 3314 2359 3360 eum,
2404 3316 2526 3354 cum

233 3394 470 3452 multum
507 3393 573 3450 de
619 3394 736 3450 cius
782 3394 1002 3467 ingenio
1048 3414 1109 3451 ac
1155 3395 1358 3453 virtute
1400 3397 1667 3470 agitatum
1710 3406 1872 3475 essct,
1918 3398 2294 3457 exacerbatum
2340 3399 2527 3455 fuisse.

231 3496 380 3565 Quae
421 3495 468 3551 si
508 3494 935 3569 probaverimus,
965 3484 1164 3551 ‘manet
1208 3496 1265 3551 in
1311 3497 1570 3554 Sallustio
1631 3498 1767 3554 illud
1814 3480 2095 3575 obprobrii
2136 3518 2259 3557 eum
2303 3502 2359 3557 in
2398 3509 2531 3558 tem-

229 3597 466 3673 poribus
506 3584 856 3669 observandis
897 3598 1078 3654 minus
1119 3598 1436 3672 diligentem
1481 3600 1668 3663 fuisse,
1711 3607 1796 3657 set
1840 3618 1927 3657 res
1971 3601 2227 3658 adcurate
2274 3621 2396 3659 eum
2443 3621 2531 3659 ex-

230 3699 484 3774 plorasse
525 3698 897 3772 cognoscitur.

287 3824 348 3865 a,
405 3802 524 3873 lug.
555 3805 642 3863 78,
699 3807 733 3859 2
773 3817 1016 3872 quorum
1058 3818 1369 3873 proxuma
1423 3810 1619 3859 terrae
1660 3806 1939 3875 praealta
1989 3811 2154 3873 sunt,
2210 3812 2427 3862 cetera·
2450 3810 2537 3863 uti

227 3902 362 3973 fors
407 3904 565 3969 tulit,
617 3904 768 3973 alta,
793 3904 932 3963 ,alia
983 3906 1042 3959 in
1100 3908 1464 3980 tempestate·
1495 3908 1710 3961 vadosa
1757 3907 2007 3981 plerique
2065 3907 2393 3982 interpretes
2450 3911 2537 3965 uti

229 4004 364 4075 fors
409 4003 538 4058 tulit
583 4011 637 4058 et
679 4006 797 4061 alia
837 4006 895 4059 in
935 4010 1270 4076 tempestate
1317 4005 1461 4062 inter
1502 4025 1561 4063 se
1596 4015 1825 4081 aequata
1870 4026 1991 4065 esse
2030 4009 2213 4065 dixere
2244 4028 2531 4075 summam-

237 4122 344 4177 que
391 4104 682 4179 scriptoris
723 4113 895 4161 artem
943 4106 1210 4161 orationis
1263 4108 1547 4164 variandae
1602 4108 1853 4165 admirati
1910 4117 2055 4166 sunt.
2136 4110 2205 4165 At
2250 4128 2367 4167 mea
2410 4113 2530 4186 qui-

235 4206 355 4262 dem
395 4207 667 4263 sententia
706 4207 842 4285 sors!
875 4215 1164 4281 utramque
1217 4216 1625 4283 tempestatem,
1684 4216 1739 4265 et
1780 4226 1885 4282 qua
1930 4209 2039 4267 alta
2084 4218 2139 4267 ct
2186 4230 2293 4285 qua
2334 4212 2531 4269 vadosa

238 4306 374 4363 fiunt
413 4315 598 4364 cetera
641 4308 791 4372 loca,
835 4308 1231 4385 conplectitur,
1291 4327 1391 4367 nec
1440 4310 1620 4366 minus
1678 4317 1927 4384 apertum
1976 4312 2109 4367 mihi
2167 4311 2410 4375 videtur,
2467 4331 2527 4369 ea
