3042 4917
1195 341 1583 384 PRAnrAwlo.
2418 319 2544 381 VII

256 495 403 562 dis,
445 495 510 552 is
551 494 736 571 rna'gis
769 500 1046 553 tueantur
1086 494 1322 553 codices
1363 492 1797 571 antiquissumi,
1838 498 2034 550 tamen
2072 507 2205 549 cum
2246 488 2543 549 nonnullis

254 612 400 672 locis
447 614 556 671 eis
601 619 888 673 testentur
931 612 1084 672 hanc
1126 612 1374 671 formam
1420 611 1645 689 ubique
1688 610 1945 685 restitui,
2003 616 2060 668 at
2105 609 2393 687 quoius„
2424 625 2541 667 uno

255 730 418 800 loco,
468 749 586 809 quo
631 730 942 791 Vaticanus
987 730 1250 799 exhibet,
1299 731 1539 807 scripsi,
1601 731 1659 788 in
1705 728 2203 789 rebonis-cuius
2262 718 2539 786 intactum

255 849 488 927 reliqui.
589 850 740 909 Tum
794 850 1069 927 quoniam
1130 848 1330 909 multis
1370 848 1515 907 locis
1558 866 1751 907 accus,
1800 846 1952 925 plur.
2001 853 2134 906 tert.
2184 846 2329 905 (1661.
2376 847 2437 904 111
2479 845 2543 903 is

255 970 582 1047 reperitur,
645 987 773 1028 eam
830 970 1078 1028 sormam
1137 970 1308 1029 etiam
1363 969 1422 1026 in
1478 966 1588 1026 alia
1645 966 1904 1027 eiusdem
1961 966 2195 1042 generis
2258 962 2541 1024 vocabula

257 1086 560 1155 transtuli,
610 1086 825 1147 nollem
863 1094 1057 1147 tamen
1103 1087 1175 1159 ab
1219 1105 1314 1147 me
1360 1087 1394 1145 J
1427 1085 1527 1155 66,
1569 1086 1587 1143 l
1647 1085 1991 1144 civitatis
2036 1082 2336 1151 relictum,
2385 1081 2541 1161 quod

256 1224 373 1283 qua
415 1204 705 1265 librorum
749 1206 862 1266 fide
907 1208 1198 1291 munitum
1244 1206 1315 1264 sit
1358 1206 1585 1282 ignoro.
1670 1203 1851 1280 Magis
1896 1202 2037 1263 mihi
2084 1203 2269 1261 fateor
2316 1202 2373 1259 in
2418 1202 2542 1260 tali-

257 1322 370 1383 bus
412 1322 648 1400 placere
694 1326 1106 1393 constantiam,
1153 1329 1240 1385 set
1285 1342 1402 1383 non
1449 1329 1567 1382 tam
1604 1322 1742 1400 quid
1774 1323 2000 1381 rationo
2035 1322 2334 1380 inventum
2368 1327 2540 1389 esset,

256 1460 436 1519 quam
483 1442 622 1519 quid
663 1442 798 1502 libri
841 1442 1199 1524 praeberent
1241 1443 1383 1502 1111111
1429 1441 1827 1503 exhibendum
1866 1440 2075 1519 putavi.

429 1560 632 1638 Neque
689 1559 918 1659 silentio
963 1560 1647 1641 praetereundum'puto
1692 1579 1787 1620 me
1833 1558 2144 1619 nonnullas
2190 1558 2543 1635 suspitiones

257 1678 688 1756 subpressisse‚
750 1680 905 1757 quod
966 1679 1316 1739 emendandi
1376 1681 1525 1739 ratio
1569 1680 1709 1770 1111111
1769 1695 1980 1756 parum
2026 1683 2183 1736 certa
2226 1660 2540 1743 videretur,

257 1792 513 1857 alias'in
561 1798 843 1857 'varietate
902 1798 1230 1876 scripturae
1290 1796 1547 1858 breviter
1598 1814 2091 1857 conmemorasse.
2184 1796 2267 1871 Ita
2317 1795 2360 1854 C
2400 1795 2457 1864 9,
2506 1793 2543 1851 2

257 1934 612 1994 quamquam
655 1918 1096 1995 antiquissumis
1137 1917 1303 1977 libris
1341 1918 1567 1977 cunctis
1608 1915 2107 1975 consentientibus
2151 1914 2220 1972 in
2264 1915 2544 1973 amicos
2632 1948 2637 1957 ·

257 2033 528 2094 fideles
571 2035 807 2113 scripsi,
863 2041 1058 2096 tamen
1103 2036 1261 2115 quod
1305 2038 1667 2114 posteriores
1712 2032 1976 2093 nonnulli
2020 2034 2087 2092 in
2134 2033 2399 2091 amicis
2444 2050 2542 2091 ex-

257 2152 494 2222 hibent,
541 2154 600 2211 in
644 2153 956 2232 propatulo
1001 2161 1087 2215 est
1129 2155 1398 2215 conicere
1440 2153 1777 2214 Sallustium
1824 2153 2131 2230 scripsisse
2175 2151 2246 2209 in
2287 2136 2541 2210 amici--

257 2272 418 2339 tiis,
451 2271 513 2330 id
555 2272 711 2350 quod
749 2270 822 2331 ab
863 2274 1148 2333 sententia
1186 2291 1303 2333 non
1346 2290 1595 2351 prorsus
1633 2270 1885 2332 alienum
1916 2270 2295 2338 iudicabitur,
2339 2274 2542 2348 11116111·-

259 2408 436 2467 quam
483 2390 638 2467 quod
683 2392 742 2449 in
775 2390 874 2451 illo
907 2392 1196 2469 scriptore
1235 2392 1344 2451 suit
1379 2382 1693 2451 variandae
1734 2390 2016 2459 orationis
2060 2389 2315 2449 studium
2358 2388 2543 2468 magis

261 2508 328 2566 in
375 2508 656 2567 amicos
706 2542 776 2553 -
825 2508 1044 2570 scilicet
1090 2510 1388 2590 praecedit
1441 2512 1512 2572 in
1568 2508 1977 2588 subpliciis
2041 2543 2109 2551 -
2174 2507 2541 2568 conmendet.

261 2628 452 2705 Atque
503 2627 537 2685 J
583 2626 683 2697 85,
733 2626 812 2689 26
862 2636 1108 2707 propter
1155 2649 1220 2689 ea
1267 2647 1416 2707 quae
1459 2629 1518 2687 in
1564 2628 1730 2689 codd.
1776 2625 1857 2687 Ρ1
1906 2632 1963 2688 et
2001 2644 2061 2685 m
2110 2628 2339 2687 inventa
2389 2633 2541 2693 sunt,

263 2746 580 2805 etiamnum
627 2745 857 2815 dubito,
906 2765 980 2806 an
1024 2748 1364 2807 reticere
1404 2761 1610 2807 verum
1651 2748 1781 2806 sit.-
1818 2745 1998 2805 Doleo
2044 2751 2238 2805 autem
2283 2745 2439 2823 quod
2485 2745 2543 2802 in

263 2863 844 2925 Conmentationibus
890 2866 1059 2924 omisi
1104 2864 1300 2925 locum
1340 2866 1374 2924 J
1427 2866 1570 2935 100,
1600 2866 1668 2935 5,
1712 2864 1812 2925 ubi
1857 2882 2209 2943 quamquam
2264 2862 2399 2923 lih'ri
2460 2864 2545 2921 ni-

263 2980 344 3041 1111
387 2984 642 3050 variant,
705 2990 901 3045 tamen
945 2984 1126 3044 verba
1170 2983 1350 3045 belli
1397 2985 1431 3043 J
1446 2984 1852 3062 ugurthini
1895 3001 2004 3060 pro
2050 2981 2399 3059 glossemate
2446 2982 2544 3040 ba-

263 3098 454 3161 benda
491 3100 631 3171 mihi
661 3102 947 3163 videntur.
1020 3101 1181 3172 Quae
1215 3103 1370 3163 enim
1406 3110 1492 3162 tot
1521 3108 1789 3181 tempora
1822 3099 1959 3161 belli
1990 3084 2329 3177 ,Iugurthini
2360 3105 2543 3166 erant,

263 3218 480 3295 quibus
535 3221 827 3281 exercitus
887 3222 1252 3282 coercendus
1298 3228 1478 3290 esset,
1540 3227 1597 3279 et
1650 3239 1756 3280 cur
1810 3218 1952 3279 illud
2001 3225 2234 3299 tempus
2278 3219 2353 3277 ita
2403 3235 2546 3296 prae

261 3338 478 3397 ceteris
544 3339 904 3398 ecferretur‘?
999 3339 1206 3400 Nonne
1272 3320 1460 3417 aptius
1519 3340 1665 3399 haec
1719 3339 1791 3397 (16
1855 3337 2126 3398 omnibus
2172 3334 2341 3397 bellis
2398 3355 2547 3414 quae

261 3455 483 3515 Marius
513 3432 719 3533 gessit,
768 3457 1073 3518 dicentur?
1131 3430 1374 3528 Qualem
1419 3460 1477 3519 in
1524 3457 1679 3518 bello
1708 3457 2065 3533 Jugurtliino
2106 3476 2235 3517 sese
2276 3456 2545 3524 ostendit,

261 3573 395 3633 talis
453 3592 570 3633 non
625 3576 854 3635 minore
910 3576 1094 3655 gloria
1153 3578 1256 3641 snit
1312 3579 1370 3637 in
1431 3574 1746 3637 Cimbrico,
1852 3577 1922 3636 Et
1973 3576 2107 3654 quid
2168 3576 2413 3644 mirum,
2473 3574 2545 3634 ab

263 3694 648 3769 grammatico
679 3692 812 3752 illo
847 3694 1196 3773 explicatum
1221 3714 1350 3756 esse
1382 3696 1420 3755 b
1437 3695 1495 3755 el
1516 3696 1567 3754 li
1596 3696 1630 3755 J
1652 3716 1687 3756 u
1710 3695 1929 3771 gurtb
1952 3696 2055 3754 ini
2086 3713 2166 3755 sc.
2194 3701 2546 3772 tempore,

263 3810 422 3887 quod
470 3810 543 3870 ab
589 3810 714 3870 aliis
757 3813 818 3872 in
863 3814 1170 3893 scriptoris
1205 3816 1385 3875 verba
1430 3813 1691 3875 inlatum.

437 3929 701 3991 Alterum
731 3931 1001 3992 volumen
1031 3950 1218 4013 prope
1256 3934 1408 3992 diem
1449 3932 1829 4011 evolgabitur.
1886 3922 2063 4001 'Quod
2102 3933 2179 3999 si,
2227 3933 2307 3991 mi
2338 3930 2545 4001 Halmi,

266 4046 324 4105 in
385 4047 730 4125 fragmentis
774 4049 1054 4111 nonnulla
1099 4070 1132 4110 a
1177 4071 1270 4112 me
1319 4052 1662 4119 emendata,
1716 4049 1824 4110 alia
1872 4035 2089 4110 rectius
2136 4048 2417 4127 explicata
2463 4051 2548 4109 in-

269 4167 528 4235 veneriS,
587 4176 780 4229 tamen
827 4170 1039 4229 veritas
1083 4188 1178 4229 me
1225 4172 1379 4248 cogit
1435 4170 1670 4247 publice
1716 4170 1914 4236 lateri,
1974 4187 2069 4228 me
2116 4168 2257 4227 nihil
2303 4187 2551 4246 prorsus

270 4284 328 4342 in
383 4302 450 4343 ea
499 4294 666 4363 parte
721 4289 919 4372 operis
965 4290 1384 4367 praestiturum
1434 4289 1646 4358 fuisse,
1703 4288 1813 4346 nisi
1864 4288 1947 4347 eis
2004 4306 2152 4365 quae
2201 4290 2553 4348 Fridericus
