3042 4917
538 240 621 307 48
1218 258 1826 305 coum-sumnonem
1871 262 2016 305 car.
2061 261 2151 307 ιν.

537 418 723 492 quue
761 414 939 473 minus
984 414 1343 490 suspiciosum
1384 423 1560 484 esset,
1617 418 1763 492 quod
1817 417 2145 475 coniunctivi
2193 418 2382 475 omissi
2433 420 2678 495 exempla
2739 440 2828 479 ra-

539 521 771 577 rissuma
826 524 954 575 sunt
1010 534 1185 592 neque
1240 525 1460 591 praeter
1512 518 1602 573 Fr.
1642 518 1664 572 1
1705 524 1789 582 47,
1844 528 1902 580 19
1949 520 2126 592 (quid
2175 538 2322 593 opus
2361 524 2638 591 decretis,
2684 526 2831 595 quid

540 624 761 679 auxilio
808 620 995 677 Catuli
1006 620 1051 692 ἲ)
1098 636 1354 692 umquam
1399 620 1453 675 in
1494 618 1586 674 illa
1623 618 1903 694 locutione
1949 622 2171 679 verbum
2214 639 2339 679 esse
2382 624 2676 687 omittitur,
2719 624 2824 681 cfr.

540 726 651 781 Cat.
696 734 741 787 l,
794 729 843 783 6.
889 729 974 785 20,
1016 729 1085 781 10
1124 720 1299 793 (solus
1342 720 1359 775 l
1406 739 1511 777 om.
1557 714 1632 776 Μ1
1675 729 1761 778 est
1800 719 1989 799 opus).
2065 732 2148 787 31,
2185 730 2236 785 7.
2281 732 2367 788 43,
2407 734 2456 786 3.
2503 734 2588 788 45,
2644 735 2688 785 l.
2735 734 2826 789 58,

547 837 623 887 15.
682 826 795 899 1113.
846 833 941 885 55,
976 830 1027 882 4.
1074 828 1123 882 7.
1183 828 1283 886 71,
1328 830 1379 881 4.
1436 830 1532 887 84,
1579 830 1628 881 2.
1673 831 1768 886 85,
1813 832 1897 885 31.
1979 824 2151 882 Etiam
2194 826 2374 883 minus
2415 826 2698 901 probanda
2737 834 2829 883 est

540 927 781 1001 suspicio
826 942 986 1000 quam
1031 924 1171 980 idem
1216 942 1263 981 v.
1306 925 1357 980 d.
1419 924 1475 979 111
1528 931 1613 980 est
1667 924 1902 982 contulit
1945 919 2058 1000 lug.
2100 935 2198 991 31,
2229 935 2280 989 ,6
2336 929 2598 985 advorsus
2645 930 2828 986 omnis

540 1030 713 1087 libros
760 1029 1079 1103 ipsumque,
1138 1042 1297 1101 quem
1349 1026 1548 1083 merito
1596 1026 1834 1101 plurumi
1881 1028 2039 1091 fecit,
2089 1028 2166 1089 ΣΒ.
2251 1029 2468 1088 Scilicet
2511 1031 2728 1087 videtur
2775 1031 2828 1087 ei

542 1130 831 1191 offensioni
876 1129 1061 1209 fuis‘se,
1106 1128 1255 1201 quod
1300 1128 1550 1202 sequitur
1606 1144 1838 1184 necesse
1893 1137 1994 1185 est.
2087 1130 2242 1199 Quod
2292 1141 2484 1189 contra
2529 1140 2630 1189 est.
2720 1133 2828 1188 Ne-

542 1251 646 1308 que
689 1232 833 1290 enim
867 1217 1009 1288 Sall.
1048 1229 1213 1286 talem
1250 1230 1634 1304 repetitionem
1663 1229 1779 1286 eius
1820 1231 2038 1289 voculae
2073 1234 2218 1307 fugit
2249 1232 2379 1306 (Cat.
2411 1240 2462 1297 3,
2493 1242 2518 1293 1
2549 1236 2828 1305 pulcrum

540 1343 626 1392 est
663 1366 748 1375 —-
788 1336 930 1391 haut
983 1334 1297 1389 absurdum
1338 1339 1439 1387 est.
1511 1337 1569 1393 7,
1620 1338 1652 1392 2
1695 1336 2079 1403 suspectiores
2125 1343 2262 1391 sunt
2319 1366 2393 1377 -
2433 1335 2828 1408 formidulosa

541 1446 626 1495 est
639 1460 657 1497 ‚-
699 1437 997 1509 eodemque
1042 1434 1205 1491 modo
1248 1434 1361 1506 1113.
1403 1442 1487 1495 55,
1529 1440 1564 1491 4
1605 1433 1899 1491 secundum
1940 1444 2194 1510 optumos
2237 1436 2410 1493 libros
2443 1438 2825 1512 recipiundum

504 1560 509 1563 ·
541 1548 625 1595 est
660 1541 741 1594 itu
780 1554 891 1609 quo
928 1538 1147 1592 clarior
1188 1542 1335 1603 erat,
1378 1549 1447 1593 eo
1480 1538 1664 1608 maqis
1705 1538 1894 1593 animo
1945 1540 2162 1594 anxius
2210 1546 2372 1603 erat,·
2427 1538 2662 1613 denique
2706 1540 2823 1613 lug.

540 1649 625 1703 85,
663 1647 697 1698 2
726 1657 837 1711 quo
859 1640 1057 1709 pluris
1088 1644 1175 1693 est
1210 1638 1481 1693 universa
1513 1654 1612 1693 res
1631 1640 1888 1709 publica,
1926 1646 2011 1695 est
2041 1641 2364 1714 praesertim
2405 1659 2528 1697 cum
2561 1641 2630 1696 ab
2665 1640 2826 1697 libris

540 1741 979 1797 munitissumum
1022 1738 1121 1802 sit,
1180 1754 1245 1797 eo
1302 1738 1477 1795 minus
1534 1738 1868 1803 eiciundum,
1922 1742 2066 1815 quod
2124 1743 2362 1814 graviter
2419 1742 2692 1799 adfirmari
2747 1744 2825 1799 ita

540 1860 661 1901 esse
704 1842 939 1897 minume
986 1840 1051 1896 ab
1097 1840 1149 1895 Ι1.
1188 1840 1225 1895 1.
1270 1840 1503 1896 alienum
1551 1840 1667 1913 est)
1721 1848 1776 1897 et
1821 1842 1938 1916 ipsa
1983 1842 2348 1917 obpositionis
2391 1854 2552 1919 atque
2593 1845 2825 1901 chiasmi

542 1946 699 2007 ratio,
730 1953 792 2001 ut
818 1945 873 1999 in
897 1950 1133 2016 utroque
1172 1942 1415 1998 membro
1441 1950 1530 1997 est
1550 1952 1788 2017 ponatur
1813 1944 2074 2017 postulat.
2150 1944 2260 2001 Cat.
2304 1954 2389 2011 48,
2431 1954 2465 2007 3
2505 1948 2649 2002 Post
2693 1963 2823 2003 eum

538 2022 685 2105 cliei'n
730 2048 959 2119 quidam
1006 2046 1069 2102 L.
1122 2046 1473 2117 Tarquinius
1518 2047 1598 2101 ad
1640 2052 1901 2101 senatum
1959 2049 2240 2103 adductus
2291 2055 2424 2104 erat
2473 2048 2628 2104 Link.
2693 2056 2824 2105 erat

538 2149 750 2218 delevit,
834 2150 1011 2221 Atque
1060 2146 1264 2220 aliquid
1322 2146 1538 2219 quidem
1587 2147 1912 2221 suspicionis
1965 2166 2065 2222 per
2117 2148 2288 2206 libros
2354 2168 2516 2206 manu
2579 2150 2822 2224 scriptos

538 2259 789 2308 movetur
830 2248 964 2322 (vid.
1010 2266 1119 2305 var.
1166 2247 1321 2321 sen),
1360 2249 1506 2322 quod
1555 2255 1731 2304 tamen
1775 2266 1906 2322 prae
1959 2258 2110 2307 tanto
2158 2259 2507 2325 optumorum
2545 2270 2822 2309 consensu

538 2352 696 2409 nihili
729 2350 1027 2425 putandum
1072 2359 1173 2406 est.
1200 2383 1211 2394 ·
1242 2350 1426 2409 Latuit
1468 2357 1648 2405 autem
1693 2350 1798 2405 iam
1841 2349 2122 2416 librarios,
2169 2370 2274 2426 qua
2317 2353 2531 2410 ratione
2574 2353 2820 2428 plusqps.

538 2455 741 2511 dictum
773 2460 933 2515 esset,
953 2468 1063 2526 quo
1094 2451 1383 2508 Sallustius
1410 2469 1544 2507 usus
1573 2459 1674 2514 est,
1707 2453 1850 2526 quod
1887 2470 2025 2525 quae
2051 2462 2357 2527 sequuntur
2379 2472 2477 2511 cur
2498 2444 2816 2517 dissereret,

538 2561 945 2613 conmemorato
992 2554 1139 2628 quod
1181 2553 1571 2627 praecessisset
1603 2553 1870 2627 explicare
1915 2554 2077 2611 vellet
2119 2554 2236 2629 (cfr.
2281 2556 2394 2611 Cat.
2431 2564 2511 2620 18,
2559 2564 2610 2617 6.
2650 2563 2736 2619 24,
2775 2566 2818 2616 l.

540 2665 623 2719 36,
672 2667 720 2718 5.
766 2666 849 2719 50,
894 2662 944 2713 4.
991 2662 1075 2717 56,
1116 2662 1166 2713 2.
1212 2654 1325 2727 1113.
1362 2661 1447 2717 42,
1496 2665 1544 2715 1.
1581 2661 1666 2717 72,
1717 2654 1784 2728 1).
1847 2656 1960 2729 lug.
2003 2664 2050 2719 6,
2086 2666 2111 2715 1
2157 2660 2246 2713 uti
2277 2674 2398 2714 mos
2435 2662 2622 2731 qentis
2667 2661 2824 2715 illius

538 2765 623 2817 est
664 2775 762 2815 cur
804 2758 1091 2813 advorsum
1144 2756 1358 2814 codices
1406 2757 1582 2813 omnis
1637 2765 1721 2813 est
1763 2775 1886 2814 cum
1925 2758 2110 2814 Cortio
2169 2767 2224 2815 et
2269 2759 2505 2816 Liukero
2552 2758 2819 2823 deleatur,

538 2860 689 2917 nulla
731 2860 981 2935 profecto
1004 2876 1211 2915 ·caussa
1256 2867 1367 2922 est:
1420 2876 1520 2914 nec
1564 2859 1735 2933 magis
1781 2877 2028 2915 caussam
2075 2860 2225 2917 video
2271 2878 2370 2916 cur
2411 2867 2502 2925 17,
2549 2869 2580 2924 7
2622 2879 2822 2934 quam-

539 2981 710 3037 quam
751 2964 821 3017 ab
866 2977 937 3018 ea
975 2961 1171 3034 fama,
1222 2976 1379 3032 quae,
1406 2963 1720 3034 plerosque
1772 2963 1998 3029 obtinet,
2049 2964 2338 3018 divorsum
2383 2969 2484 3031 est,
2531 2981 2655 3019 cum
2693 2962 2819 3019 libri

538 3084 605 3123 ne
642 3066 933 3121 minumam
974 3064 1189 3139 quidem
1230 3062 1598 3136 suspicionem
1651 3071 1931 3125 moveant,
1990 3062 2233 3119 eiciatur.
2324 3072 2421 3127 24,
2467 3070 2503 3124 8
2543 3068 2686 3137 quid
2735 3072 2822 3121 est
2921 3056 2936 3066 ’

538 3171 775 3226 relicum
826 3168 901 3223 ita
945 3176 1293 3241 optumorum
1346 3165 1614 3222 librorum
1660 3183 1933 3221 consensu
1973 3164 2246 3222 firmatum
2281 3174 2390 3231 est,
2445 3173 2507 3223 ut
2565 3168 2713 3239 quod
2763 3168 2820 3221 in

536 3270 723 3345 paucis
780 3268 1175 3325 recentioribus
1234 3268 1389 3324 libris
1444 3267 1704 3324 omissum
1745 3274 1854 3329 est,
1901 3266 2038 3322 nihil
2079 3286 2310 3342 prorsus
2351 3268 2544 3325 valeat.
2620 3276 2705 3332 31,
2750 3276 2818 3328 25

536 3373 688 3427 hosti
724 3386 1025 3426 acerrumo
1054 3370 1291 3441 prodita
1334 3371 1522 3425 senati
1559 3370 1892 3437 auctoritas,
1916 3372 2212 3441 proditum
2247 3371 2533 3442 inperium
2567 3376 2816 3426 vostrum

537 3472 869 3533 Vaticanum,
912 3488 1033 3527 cum
1066 3487 1175 3544 quo
1206 3469 1395 3526 relicui
1428 3470 1556 3526 libri
1591 3452 1957 3534 consentiunt,
1991 3472 2325 3545 sequendum
2361 3488 2558 3527 censeo
2597 3488 2657 3527 ac
2687 3472 2818 3528 scri-

538 3573 777 3629 bundum
813 3574 1107 3645 proditum
1150 3574 1440 3643 inperium
1487 3580 1739 3630 vostrum
1777 3581 1878 3629 est.
1965 3572 2178 3629 Etenim
2229 3573 2308 3649 ita
2356 3574 2570 3629 demum
2625 3574 2694 3630 de
2743 3574 2818 3629 fa-

536 3676 726 3731 cinore
776 3673 1042 3747 singulari
1096 3674 1307 3731 Bestiae
1354 3675 1582 3739 dicitur,
1631 3692 1809 3749 neque
1855 3674 2182 3732 insolentior
2222 3674 2512 3731 verborum
2556 3674 2692 3731 ordo
2739 3675 2819 3731 of·

536 3776 774 3835 fensioni
805 3786 905 3841 est,
952 3776 1077 3851 quia
1116 3780 1404 3849 inperium
1448 3784 1714 3841 vostrum,
1755 3778 1957 3853 quippe
2005 3777 2317 3851 obpositum
2363 3777 2537 3833 senati
2581 3776 2818 3833 auctori-

541 3880 665 3943 tati,
722 3880 971 3953 graviore
1026 3896 1253 3936 numero
1300 3881 1673 3937 ecferundum-
1697 3880 1864 3936 fuisse
1924 3879 2163 3953 adparet.
2244 3886 2341 3944 82,
2388 3887 2422 3940 3
2475 3880 2636 3934 nobis
2678 3880 2820 3933 satis

537 3984 820 4055 coynitum
864 3988 965 4045 est,
996 3983 1087 4057 qui
1116 4000 1237 4042 cum
1268 3975 1580 4039 MM¹Fm2s2
1615 3990 1700 4039 est
1737 3980 2025 4038 delendum
2067 3990 2302 4045 censeat,
2347 3980 2543 4037 viderit
2586 3996 2655 4035 ne
2685 3996 2819 4051 neg·

536 4083 685 4158 legat
742 4084 1055 4141 Sallustium
1116 4086 1292 4141 dicere
1348 4084 1614 4141 voluisse:
1675 4101 1734 4140 se
1789 4082 1923 4139 illud
1978 4102 2081 4159 pro
2143 4085 2276 4141 satis
2329 4080 2816 4156 cognito-habere.

534 4194 621 4250 94,
664 4195 699 4247 3
743 4188 836 4260 qui
880 4186 1106 4261 legerit:
1163 4196 1280 4244 tum
1319 4203 1467 4255 vero
1490 4188 1823 4244 cohortatus
1865 4188 2072 4243 milites
2127 4194 2182 4244 et
2235 4189 2358 4260 ipse
2402 4191 2579 4241 extra
2623 4184 2818 4239 vineas

535 4304 803 4361 eyressus
846 4292 1124 4345 testudine
1175 4296 1307 4345 acta
1362 4292 1672 4358 succedere
1725 4296 1781 4346 et
1821 4291 1993 4346 simul
2033 4290 2249 4347 hostem
2309 4316 2395 4329 -—-
2437 4294 2680 4349 terrere,
2733 4284 2815 4339 vix
