3042 4917
524 265 667 331 ‘100
1206 279 1836 332 -eonnnnm'nonnn
1881 279 2023 330 ear.
2071 281 2128 332 v.

1560 643 1697 722 Cap.
1743 643 1807 704 V.

1239 829 1358 902 De
1416 829 2101 904 emendationibus,

712 1037 857 1094 Nihil
898 1037 1071 1094 dicam
1110 1037 1176 1094 de
1222 1037 1301 1093 eis
1343 1037 1497 1102 locis,
1541 1039 1597 1096 in
1627 1038 1826 1113 quibus
1866 1037 1950 1096 vel
1992 1039 2240 1096 codicum
2282 1038 2608 1112 scripturam
2652 1055 2827 1094 veram

545 1141 629 1198 vel
674 1149 876 1196 rectam
920 1139 1234 1195 emendandi
1277 1140 1545 1197 rationem
1587 1141 1654 1197 ab
1694 1139 1815 1196 aliis
1861 1149 2131 1197 ostentam
2181 1157 2302 1196 esse
2345 1140 2412 1195 ab
2459 1139 2714 1196 omnibus
2759 1140 2828 1194 vi-

542 1244 619 1300 ris
659 1243 835 1300 doctis
882 1239 1215 1297 intellectum
1259 1249 1360 1304 est,
1400 1241 1548 1298 velut
1595 1243 1663 1298 de
1707 1242 1818 1298 Cat.
1876 1252 1919 1304 1,
1951 1247 2002 1304 7,
2045 1241 2140 1297 ubi
2183 1258 2344 1298 nemo
2391 1258 2533 1297 nunc
2577 1240 2828 1296 Palmerii

542 1353 699 1418 veyet
740 1343 1019 1418 amplexus
1063 1350 1239 1406 tenet;
1277 1321 1343 1399 de
1384 1343 1463 1399 eis
1504 1350 1714 1400 tantum
1755 1343 2064 1417 disputabo,
2104 1343 2170 1400 de
2217 1343 2414 1417 quihus
2460 1343 2828 1400 vehementius

540 1448 835 1504 etiamnum
874 1443 1157 1500 dubitatur
1200 1443 1283 1499 vel
1320 1444 1479 1501 aliam
1518 1463 1676 1519 quam
1723 1445 1914 1502 relicui
1950 1445 2089 1502 viam
2131 1445 2461 1519 sequendam
2502 1453 2660 1520 puto.

712 1562 1078 1620 Nobilissuma
1132 1563 1399 1619 sententia
1464 1571 1550 1620 est
1592 1563 1703 1620 Cat.
1751 1571 1811 1624 2,
1856 1571 1890 1624 9
1947 1579 2145 1620 verum
2193 1564 2480 1620 enimvero
2521 1566 2573 1619 is
2607 1566 2829 1620 demum

544 1667 686 1723 mihi
726 1667 913 1722 vivere
964 1669 1135 1735 atque
1189 1663 1323 1736 frui
1372 1668 1568 1722 anima
1619 1667 1873 1733 videtur,
1939 1667 2042 1736 qui
2089 1667 2280 1737 aliquo
2325 1667 2544 1737 neqotio
2582 1668 2834 1722 intentus

534 1770 842 1841 praeclari
871 1765 1159 1839 facinoris
1203 1774 1306 1822 aut
1347 1769 1494 1822 artis
1533 1767 1712 1823 bonae
1755 1766 1979 1840 famam
2037 1769 2283 1839 quaerit.
2325 1806 2330 1810 -
2372 1766 2682 1823 Ablativum
2731 1771 2832 1824 ali·

544 1889 656 1944 quo
702 1872 922 1942 neyotio
978 1884 1088 1922 non
1139 1885 1305 1942 posse
1355 1886 1476 1924 cum
1533 1871 1786 1924 intentus
1828 1869 2114 1942 coniungi,
2176 1869 2283 1924 nisi
2329 1876 2391 1924 ut
2434 1869 2538 1924 hoc
2581 1868 2834 1926 absolute

543 1972 747 2030 dictum
788 1977 935 2026 esset
978 1977 1035 2026 et
1078 1969 1313 2026 ablativo
1366 1986 1455 2026 res
1508 1986 1615 2043 qua
1673 1978 1736 2026 ut
1791 1969 1988 2043 aliquis
2036 1971 2278 2027 intentus
2325 1979 2473 2026 esset
2517 1970 2834 2028 efficeretur

544 2074 967 2149 exprimeretur,
1022 2088 1209 2128 omnes
1260 2088 1522 2128 censuere
1581 2070 1711 2143 (cfr.
1767 2071 1926 2128 Roth.
1983 2071 2051 2127 ad
2097 2072 2218 2128 Tac.
2265 2071 2446 2146 Agric.
2492 2079 2560 2132 12
2607 2091 2661 2147 p.
2715 2081 2830 2134 161.

524 2177 704 2232 ’Peter
746 2176 811 2230 ad
856 2174 961 2229 Cic.
1002 2174 1091 2228 Or.
1133 2179 1182 2235 2,
1221 2182 1252 2232 5
1297 2190 1350 2247 p.
1394 2171 1501 2246 98).
1587 2173 1747 2229 Recte
1794 2173 1846 2229 id
1889 2171 2091 2228 dicitur
2128 2174 2196 2229 de
2239 2189 2303 2228 ea
2350 2189 2428 2236 re,
2468 2191 2572 2247 qua
2619 2175 2834 2230 animus

548 2285 791 2337 tenetur,
848 2275 997 2331 velut
1046 2273 1158 2346 lug.
1204 2280 1300 2336 44,
1358 2282 1393 2334 3
1434 2275 1699 2330 Metellus
1749 2306 1833 2316 —-
1880 2276 2281 2346 expectatione
2335 2282 2570 2334 evantes
2625 2279 2833 2333 civium

546 2382 767 2434 animos
797 2380 1043 2433 intentos
1073 2377 1361 2446 putabat,
1406 2375 1459 2430 h.
1502 2375 1540 2430 l.
1586 2384 1770 2450 aptum
1829 2392 1938 2432 non
1995 2383 2105 2437 est,
2168 2375 2422 2449 quoniam
2479 2394 2542 2432 ea
2597 2395 2690 2434 res
2751 2388 2836 2434 est

547 2481 685 2536 fama
728 2476 990 2552 praeclari
1038 2475 1295 2533 facinoris
1340 2485 1434 2532 aut
1476 2477 1614 2532 artis
1658 2478 1863 2540 honae,
1911 2495 2034 2534 non
2079 2476 2300 2551 aliquod
2339 2478 2643 2551 negotium.
2733 2481 2836 2538 Ne-

547 2597 653 2655 que
696 2579 1015 2652 metaphora
1054 2577 1121 2633 ab
1156 2595 1287 2634 arcu
1321 2587 1538 2652 sumpta
1580 2579 1634 2634 h.
1679 2578 1717 2634 l.
1757 2579 2036 2642 convenit,
2086 2579 2211 2653 quia
2249 2597 2372 2636 cum
2425 2597 2610 2636 arcum
2656 2581 2836 2637 inten-

547 2690 663 2737 tum
706 2688 971 2742 tenemuS,
1018 2679 1144 2734 data
1179 2678 1337 2752 copia
1382 2697 1608 2754 scopum
1651 2688 1876 2754 tangere
1919 2680 2096 2754 parati
2135 2697 2338 2743 sumus,
2379 2681 2430 2736 h.
2464 2679 2500 2734 l.
2532 2689 2716 2738 autem
2748 2686 2834 2738 in-

545 2789 735 2839 tentus
785 2798 894 2838 non
944 2781 1285 2855 adparatum,
1344 2789 1429 2838 set
1476 2783 1694 2838 modum
1743 2801 1806 2839 ac
1857 2782 2124 2839 rationem
2179 2768 2470 2856 quaerendi
2527 2783 2838 2856 significare

546 2883 909 2940 manufestum
946 2890 1046 2939 est.
1136 2882 1281 2950 Quae
1323 2901 1443 2940 cum
1491 2883 1916 2948 intellexissent,
1965 2883 2060 2940 alii
2105 2886 2296 2956 aliquo
2331 2901 2396 2940 ex
2439 2885 2661 2956 aliquoi
2705 2903 2837 2942 con-

546 2994 768 3061 ruptum
810 3001 929 3041 esse
971 2991 1295 3049 statuerunt,
1343 3001 1576 3060 quorum
1614 2985 1935 3042 sententiam
1990 2985 2348 3060 conprobavit
2385 2985 2702 3043 Gerlachius
2747 2989 2834 3043 ed.

528 3087 745 3144 noviss,
772 3105 825 3162 p.
855 3085 981 3142 XVl.
1061 3088 1131 3141 At
1155 3087 1455 3144 Arusianus
1498 3105 1553 3160 p.
1599 3093 1702 3147 243
1741 3087 1798 3142 L.
1845 3088 1951 3144 iam
1989 3087 2057 3143 ab
2100 3087 2374 3144 veteribus
2419 3087 2714 3145 ablativum
2759 3088 2838 3144 le-

542 3199 692 3246 ctum
734 3207 853 3245 esse
912 3196 1145 3264 testatur
1202 3197 1256 3246 et
1303 3191 1481 3245 alicui
1532 3191 1752 3260 neyoeio
1805 3205 1912 3244 non
1971 3188 2132 3245 modo
2187 3189 2523 3263 superfluum
2579 3199 2697 3253 est,
2753 3199 2838 3247 set

544 3292 681 3347 adeo
722 3291 1047 3346 sententiam
1104 3291 1389 3347 obscuram
1446 3291 1592 3346 l'acit.
1680 3289 1818 3357 Quid
1864 3291 2074 3363 igitur?
2169 3289 2450 3346 Ablativus
2496 3292 2837 3366 coniungen-

542 3393 645 3448 dus
688 3399 773 3447 est
812 3407 935 3448 cum
974 3393 1219 3463 quaerit.
1303 3393 1372 3448 Ut
1422 3393 1580 3448 nullo
1635 3393 1854 3464 neqotio
1909 3391 2036 3464 (Cic.
2082 3392 2148 3447 ad
2192 3393 2302 3448 Att.
2346 3392 2393 3448 X
2437 3398 2519 3455 16,
2565 3400 2626 3454 3:
2687 3393 2834 3450 Sici-

544 3495 679 3548 liam
720 3499 915 3548 tenere
960 3495 1115 3549 nullo
1150 3495 1369 3565 neyotio
1402 3493 1661 3566 potuit),
1709 3511 1913 3566 mayno
1971 3495 2192 3565 neqotio
2247 3492 2415 3565 (Cels
2457 3493 2545 3549 Vll
2587 3505 2650 3554 5:
2701 3498 2835 3563 tela,

528 3609 695 3666 quae
738 3625 822 3634 —-
863 3595 1201 3663 haeserunt,
1255 3611 1461 3668 mayno
1519 3596 1740 3667 neyotio
1783 3611 1956 3667 saepe
1995 3595 2350 3668 eiciuntur),
2401 3602 2560 3652 tanto
2607 3599 2836 3670 neyotio

546 3695 673 3769 (Cic.
712 3696 778 3751 ad
824 3696 948 3752 sam.
1000 3695 1043 3751 ll
1087 3705 1167 3758 10,
1197 3704 1257 3757 3:
1302 3697 1710 3769 oppugnabam
1753 3699 2025 3769 oppidum
2078 3726 2164 3738 —
2207 3699 2382 3752 tantis
2425 3697 2628 3768 opibus
2671 3705 2836 3754 tanto

530 3799 810 3872 ἠεροίίο),
862 3798 941 3854 sic
985 3801 1175 3871 aliquo
1218 3801 1441 3871 neyotio
1482 3799 1684 3856 dicitur
1723 3815 1853 3872 pro:
1899 3815 2010 3854 non
2055 3797 2171 3854 sine
2216 3797 2402 3872 aliquo
2446 3797 2658 3856 labore.
2731 3799 2836 3856 Ne-

546 3917 651 3974 que
696 3916 1150 3974 supervacaneum
1192 3907 1295 3964 est,
1338 3901 1483 3974 quod
1540 3900 1790 3974 sequitur
1835 3903 2088 3957 intentus
2132 3898 2400 3972 (absolute
2439 3899 2678 3965 dictum;
2729 3901 2832 3956 vid.

530 4001 655 4057 lnd.
698 4020 741 4057 s.
786 4001 884 4076 v.),
935 4002 1060 4076 quia
1110 4004 1303 4073 aliquo
1349 4005 1570 4074 neyotio
1621 4000 1686 4057 a'd
1741 4002 2092 4065 industriam,
2147 4001 2343 4057 virium
2399 4000 2828 4064 contentionem,

542 4104 795 4159 intentus
836 4104 905 4162 ad
952 4103 1116 4159 animi
1162 4121 1346 4159 curam
1390 4112 1445 4160 et
1484 4102 1826 4176 diligentiam
1856 4105 2131 4178 pertinere
2170 4103 2411 4177 adparet.
2489 4102 2571 4157 Ad
2610 4111 2829 4160 senten-

544 4210 672 4260 tiam
716 4213 897 4260 autem
932 4205 1291 4279 aptissumum
1347 4213 1448 4261 est.
1529 4204 1674 4272 Quae
1733 4205 1893 4262 enim.
1919 4205 2058 4262 fama
2109 4222 2232 4261 eum
2275 4211 2679 4278 consequetur,
2735 4203 2828 4278 qui

542 4305 661 4362 sine
696 4305 882 4362 labore
936 4323 997 4362 ac
1052 4323 1179 4364 cura
1236 4305 1448 4362 laudem
1494 4308 1756 4380 quaerat?
1841 4308 1917 4364 Ac
1963 4306 2124 4364 talem
2164 4306 2452 4416 script‘oris
2503 4306 2824 4363 sententiam
