3042 4917
891 331 1496 382 conunnramonun
1546 327 1687 376 car.
1734 321 1805 372 v:
2377 295 2499 366 107

211 499 464 578 scripsit:
521 489 820 555 Postremo
861 485 1263 552 dissimulandi
1301 505 1514 547 caussa
1559 495 1615 547 et
1660 495 1727 546 ut
1758 489 1853 545 sui
1890 483 2283 559 expuryandi,
2333 482 2507 540 sicuti

210 607 402 678 iuryio
447 601 750 660 lacessitus
787 597 964 672 foret,
997 599 1058 653 in
1097 599 1358 652 senatum
1403 595 1571 662 venit,
1615 593 1811 649 Fabrio
1843 590 2153 650 adsentiens
2196 597 2253 645 et
2284 587 2503 644 reiectis

214 709 315 771 eis,
363 723 504 782 quae
545 703 676 760 Nov-
724 702 860 757 Ann-
895 699 1046 756 XLVI
1081 717 1132 773 p·
1174 704 1276 759 385
1321 696 1527 754 monui.
1614 695 1687 752 De
1732 713 1837 770 qua
1878 713 1937 751 re
1982 701 2045 750 ut
2084 699 2234 750 recte
2278 687 2505 746 iudicari

213 808 415 886 possit,
457 807 695 883 primum
735 801 1058 860 ordiundum
1098 807 1183 857 est
1232 799 1298 856 ab
1339 797 1603 856 vocabulo
1644 800 1834 873 iurqii.
1903 796 2164 870 Iuryium
2202 793 2374 868 igitur
2398 791 2507 848 No-

215 911 343 968 nius
389 910 583 984 inquit,
611 927 664 985 p.
711 911 815 968 292
869 905 951 961 ed.
997 904 1058 960 R.
1097 907 1152 958 et
1201 905 1272 959 lis
1325 902 1477 958 hanc
1520 902 1730 958 habent
1774 903 2135 959 distantiam.-
2189 897 2507 968 iuryium

215 1015 400 1071 levior
439 1027 538 1068 res
579 1016 664 1067 est
706 1009 1000 1081 siquidem·
1027 1007 1179 1062 inter
1219 1005 1505 1061 benivolos
1550 1010 1653 1060 aut
1686 1007 2051 1077 propinquos
2091 1002 2369 1060 dissensio
2425 996 2512 1054 vel

215 1116 572 1173 concertatio
614 1114 862 1185 iurqium
901 1085 1147 1169 elicitum·
1197 1108 1348 1162 inter
1401 1109 1661 1163 inimicos
1708 1109 1984 1164 dissensio
2027 1106 2122 1161 lis
2162 1103 2509 1176 appellatur.

169 1206 186 1214 ’
217 1218 302 1277 Μ.
352 1219 576 1275 Tullius
617 1218 687 1273 de
734 1214 882 1286 Rep.
929 1208 1020 1268 lib.
1063 1209 1179 1266 1111:
1217 1212 1476 1266 admiror
1517 1226 1623 1266 nec
1653 1225 1850 1266 rerum
1879 1211 2060 1266 solum
2094 1215 2181 1266 set
2211 1209 2513 1266 verborum

218 1323 395 1378 etiam
439 1319 797 1392 eleqantiam.
889 1314 954 1371 Si
999 1303 1252 1386 iuryant,
1293 1313 1512 1384 inquit.-
1554 1313 1938 1369 benivolorum
1975 1311 2325 1369 concertatio
2345 1353 2359 1380 ,
2400 1325 2515 1366 non

219 1425 296 1481 lis
332 1423 713 1488 inimicorum,
757 1419 1006 1491 iur9ium
1050 1417 1278 1472 dicitur.
1358 1415 1436 1472 Et
1479 1417 1539 1470 in
1576 1401 1839 1488 sequenti
1850 1437 1868 1472 .·
1924 1405 2163 1489 idrqare
2205 1417 2382 1489 iqitur
2418 1416 2517 1470 lex

213 1532 396 1598 putat
430 1528 582 1581 inter
623 1538 684 1580 se
722 1523 964 1588 vicino&
1018 1535 1133 1574 non
1177 1519 1438 1590 litiyare‚·
1493 1519 1636 1574 unde
1681 1517 1817 1575 illud
1851 1526 2061 1576 certum
2104 1526 2221 1582 est,
2268 1519 2517 1592 iurqium

222 1626 537 1701 significare
583 1623 940 1700 obprobrium
989 1621 1046 1676 in
1088 1619 1326 1693 aliquem
1383 1620 1721 1684 coniectum,
1778 1621 1921 1678 unde
1975 1621 2259 1679 altercatio
2311 1622 2521 1678 oriatur

224 1729 350 1804 (cfr.
391 1726 605 1784 Doderl.
647 1726 772 1801 Syn.
817 1725 884 1780 lll
928 1731 1048 1784 250.
1095 1721 1140 1776 V
1178 1721 1320 1795 274).
1411 1721 1498 1778 Sic
1540 1722 1745 1779 dictum
1786 1723 1899 1779 Cat.
1946 1731 2007 1787 9,
2053 1729 2115 1782 2:
2170 1727 2362 1798 iurqia
2406 1726 2520 1782 dis-

223 1832 462 1888 cordias
505 1829 824 1886 simultates
865 1843 994 1882 cum
1039 1825 1293 1880 hostibus
1331 1825 1685 1881 exercebant
1728 1833 1783 1880 et
1824 1825 1939 1899 lug.
1984 1831 2081 1889 27,
2131 1835 2190 1886 1:
2234 1829 2521 1884 interdum

225 1934 436 2006 iuryiis
478 1931 760 1987 trahendo
797 1935 1038 2001 tempus.
1123 1925 1363 2000 Adparet
1403 1944 1539 2001 ergo
1572 1927 1811 2001 iurgium
1842 1927 1895 1982 h.
1934 1927 1971 1982 l.
2005 1927 2141 1984 nihil
2176 1946 2296 1984 esse
2339 1921 2521 2002 posse,

224 2035 337 2090 nisi
383 2040 477 2089 aut
519 2033 666 2107 quod
711 2032 767 2086 in
810 2037 1006 2087 senatu
1049 2030 1106 2085 in
1152 2027 1435 2084 Catilinam
1479 2029 1684 2087 dictum
1729 2031 1835 2086 iam
1880 2029 2064 2092 fuerit,
2113 2039 2207 2087 aut
2256 2031 2404 2104 quod
2444 2032 2525 2087 di-

228 2143 382 2194 ctum
439 2135 507 2192 iri
551 2133 825 2210 expectari
869 2133 1133 2208 potuerit.
1223 2130 1360 2188 lllud
1399 2131 1446 2188 si
1489 2132 1866 2206 posuerimuS,
1922 2132 2027 2189 hoc
2067 2132 2308 2190 dicetur:
2368 2133 2525 2206 quasi

230 2237 361 2312 (vid.
407 2244 584 2295 tamen
627 2237 769 2292 infra
817 2235 912 2292 ubi
956 2235 1022 2290 de
1058 2233 1173 2308 lug.
1221 2240 1306 2298 60,
1352 2240 1387 2294 4
1427 2233 1661 2309 dicetur)
1704 2242 1861 2292 antea
1907 2234 1961 2291 in
2004 2242 2198 2291 senatu
2244 2235 2526 2309 indignum

233 2341 296 2396 in
331 2357 458 2396 eum
501 2337 858 2414 obprobrium
899 2338 1099 2394 iactum
1139 2343 1316 2402 esset;
1362 2335 1645 2392 Catilinam
1690 2337 1859 2410 igitur
1903 2337 2157 2394 simulare
2200 2336 2437 2394 voluisse
2470 2355 2528 2394 se

234 2442 422 2516 iurgio
471 2439 783 2498 lacessitum
827 2457 964 2497 esse.
1051 2439 1122 2494 At
1174 2455 1304 2495 num
1361 2455 1422 2496 ea
1483 2455 1621 2513 quae
1664 2438 1721 2494 in
1764 2446 1955 2495 senatu
2002 2439 2243 2513 quamvis
2290 2445 2432 2498 tecte
2474 2441 2530 2498 in

233 2562 298 2601 se
339 2544 486 2600 dicta
527 2550 583 2598 et
626 2543 845 2600 decreta
882 2549 1086 2605 essent,
1133 2557 1191 2598 se
1233 2559 1336 2616 pro
1369 2541 1551 2616 iurgio
1582 2541 1783 2597 habere
1810 2540 2067 2598 simulare
2098 2541 2315 2615 potuit?
2392 2541 2531 2611 Quid

233 2645 533 2703 effecturus
579 2643 718 2707 suit,
777 2644 823 2700 si
868 2661 926 2702 se
970 2660 1110 2718 quae
1151 2649 1310 2699 antea
1346 2642 1490 2699 dicta
1531 2651 1746 2712 essent,
1789 2643 2063 2700 ‘leviorem
2120 2643 2531 2703 altercationem

233 2747 440 2804 habere
501 2746 759 2810 dixissen
823 2745 870 2801 si
911 2762 1022 2802 non
1059 2744 1301 2808 dixisset,
1355 2744 1443 2802 cui
1499 2745 1633 2801 illud
1687 2745 1743 2801 in
1791 2753 2025 2802 mentem
2088 2747 2275 2803 venire
2329 2749 2531 2822 potuit,

235 2867 363 2906 eum
409 2849 466 2905 in
511 2856 758 2905 senatum
804 2846 988 2903 venire
1033 2846 1134 2903 hac
1185 2847 1365 2923 specie
1419 2854 1705 2922 praetenta
1755 2855 1817 2904 ut
1862 2866 1919 2905 se
1963 2856 2321 2924 expurgaret,
2380 2850 2536 2923 quasi

237 2952 426 3026 iurgio
472 2949 760 3008 lacessitus
807 2949 988 3006 esset?
1076 2947 1215 3008 Illud
1273 2948 1405 3024 satis
1450 2954 1661 3005 certum
1706 2957 1792 3006 est
1846 2948 2165 3007 Sallustium
2211 2951 2341 3025 quid
2394 2951 2534 3008 Cati·
2572 2967 2575 2972 ·

235 3055 352 3110 lina
391 3053 449 3109 in
495 3059 690 3109 senatu
734 3051 929 3115 facere,
975 3069 1085 3107 non
1126 3066 1263 3124 quae
1305 3049 1554 3106 homines
1597 3069 1680 3114 eo,
1728 3052 1874 3124 quod
1914 3053 1970 3106 in
2014 3059 2263 3108 senatum
2306 3053 2535 3117 veniret,

235 3157 463 3213 credere
509 3153 761 3217 voluerit,
805 3153 1013 3220 dicere;
1057 3151 1200 3209 unde
1247 3153 1352 3210 hoc
1396 3170 1739 3234 consequens
1778 3160 1878 3216 est,
1917 3153 2154 3227 iurgium
2194 3171 2339 3216 esse,
2390 3155 2537 3228 quod

238 3258 302 3314 in
351 3274 477 3314 eum
533 3256 652 3312 fieri
705 3255 970 3331 potuerit.
1032 3248 1202 3311 ‘Tum
1259 3271 1390 3311 vero
1440 3257 1613 3312 sicuti
1661 3254 1796 3311 ferri
1854 3272 1965 3311 non
2020 3263 2223 3333 potest.
2318 3256 2433 3326 Qua
2477 3276 2538 3316 re

237 3359 512 3416 Linkerus
551 3357 798 3415 conrexit
842 3357 1052 3418 sicubi‚·
1114 3357 1261 3430 quod
1310 3364 1374 3413 ut
1427 3364 1576 3414 recte
1620 3356 1687 3414 ab
1731 3375 1795 3414 eo
1842 3358 1960 3433 Iug.
2003 3365 2100 3424 60,
2144 3365 2179 3419 4
2221 3359 2541 3420 restitutum
2578 3339 2593 3352 ’

237 3468 357 3525 est,
409 3461 487 3517 ita
550 3460 604 3516 h.
650 3458 685 3514 l.
745 3458 877 3516 mihi
933 3458 1110 3516 minus
1167 3457 1462 3533 probatur,
1524 3459 1650 3532 quia
1706 3477 1819 3516 non
1879 3467 1989 3518 tam
2046 3461 2393 3520 incertiorem
2452 3481 2543 3520 ex·

149 3569 158 3574 ‘
237 3563 642 3640 peetationem:
707 3561 771 3618 ‘si
818 3562 962 3619 forte
1012 3559 1262 3635 quando’,
1317 3578 1476 3634 quam
1520 3560 1728 3635 aliquid
1773 3571 1923 3620 certe
1959 3564 2203 3641 positum
2244 3563 2352 3622 loci
2399 3566 2541 3622 ratio

237 3665 459 3721 videtur
503 3663 766 3737 flagitare.
851 3663 919 3720 Et
975 3662 1267 3738 probarem
1327 3664 1473 3738 quod
1531 3663 1587 3719 in
1636 3658 1705 3722 Ρ1
1754 3665 1933 3740 primo
1974 3675 2251 3724 exaratum
2289 3668 2421 3732 fuit,
2472 3670 2541 3731 si,

241 3767 507 3842 quodque
562 3765 725 3822 etiam
772 3765 812 3821 P
856 3767 911 3822 si
925 3771 1043 3822 ...t
1086 3770 1350 3829 testatur,
1409 3765 1458 3821 si
1500 3784 1613 3840 quo
1655 3768 1818 3825 modo
1874 3768 1999 3826 inde
2053 3771 2226 3826 sicuti
2276 3768 2395 3826 fleri
2442 3787 2546 3843 po·

245 3869 463 3932 tuisset,
514 3865 672 3924 facile
711 3874 857 3924 esset
891 3868 958 3923 ad
990 3864 1434 3940 intellegendum.
1522 3867 1654 3926 Cum
1681 3869 1851 3942 igitur
1877 3870 1991 3926 veri
2023 3870 2200 3926 simile
2228 3870 2360 3926 mihi
2397 3869 2541 3928 vide-

241 3977 420 4034 retur,
469 3968 758 4043 scripsisse
806 3968 1142 4031 Sallustium,
1186 3969 1332 4041 quod
1371 3987 1471 4044 per
1511 3970 1566 4025 si
1612 3968 1935 4044 explicatum
1978 3990 2101 4029 cum
2144 3989 2209 4028 eo
2252 3971 2372 4046 ipso
2412 3989 2542 4028 con-

243 4068 476 4129 mixtum
514 4072 686 4127 sicuti
725 4071 1070 4145 peperisset,
1128 4069 1228 4125 ubi
1272 4070 1674 4127 restituendum
1717 4072 1917 4144 putavi.
2004 4071 2099 4128 His
2142 4071 2313 4146 igitur
2356 4073 2543 4147 dispu-

245 4174 376 4230 tatis
421 4173 490 4228 (le
535 4172 614 4229 eis
661 4188 799 4245 quae
853 4172 1185 4249 praecedunt
1245 4171 1458 4230 facilius
1518 4170 1687 4228 statui
1730 4172 1950 4246 poterit.
2037 4175 2399 4247 Expurqare
2440 4174 2545 4232 dici

243 4277 315 4332 de
359 4292 427 4332 eo
469 4280 705 4336 constat,
746 4274 842 4347 qui
883 4273 1043 4350 culpa
1089 4291 1149 4330 se
1191 4272 1416 4337 liberet,
1457 4273 1685 4330 crimina
1728 4273 1922 4338 diluit,
1968 4274 2116 4332 velut
2158 4276 2279 4331 Tac.
2326 4273 2395 4331 ab
2432 4294 2543 4334 exc.

241 4379 296 4434 d.
329 4377 391 4434 A.
419 4375 532 4434 x-Vl
574 4381 670 4435 24:
724 4375 990 4434 Thrasea
1020 4405 1094 4417 —
1123 4376 1415 4435 codicillos
1455 4377 1536 4434 ad
1568 4375 1855 4435 Neronem
1889 4379 2204 4452 conposuit,
2242 4380 2547 4455 requirens
