3042 4917
889 299 1494 352 connnnmrxonun
1536 299 1677 348 car.
1718 299 1805 348 ιν.
2406 283 2489 348 95

211 479 262 538 p.
305 459 450 538 203),
499 460 874 538 gradationem
908 461 1174 536 quandam
1211 460 1504 517 adhibitam
1541 478 1662 517 esse
1692 459 1761 516 ab
1786 457 2043 516 Sallustio
2078 465 2225 516 recte
2246 457 2488 526 Kritzius

211 565 436 622 monuit.
530 565 706 621 Minus
745 582 909 638 aegre
962 563 1140 620 verbis
1189 565 1408 619 incerto
1462 564 1615 618 voltu
1655 561 1829 619 careri
1870 566 2089 634 posset;
2140 578 2263 618 nam
2311 562 2357 618 is
2407 563 2489 619 in-

210 667 343 724 certi
381 666 609 729 consili,
669 683 782 723 non
827 665 1056 724 terroris
1105 673 1268 740 atque
1322 663 1631 720 formidinis
1673 670 1783 744 est.
1847 691 1920 702 -—
1974 661 2143 718 Paulo
2179 671 2309 736 post
2353 665 2407 735 S.
2454 671 2490 724 4

211 786 272 824 ex
312 767 472 824 libris
514 768 732 824 restitui
775 770 1033 840 iynisque
1081 783 1253 838 quam
1297 768 1699 822 creberrumos
1746 765 1898 836 fieri.
1994 763 2107 820 Duo
2167 765 2311 821 enim
2370 765 2488 822 fieri

209 870 367 926 iussit
413 868 580 932 Sulla,
622 877 686 926 ut
727 868 929 925 milites
973 885 1144 925 coena
1185 874 1400 941 sumpta
1437 883 1502 923 ex
1542 866 1739 922 castris
1782 883 1850 921 ne
1894 865 2255 929 discederent,
2297 874 2486 941 utque,

210 989 316 1044 quo
361 970 618 1028 hostibus
657 988 916 1026 numerus
958 987 1088 1027 vero
1133 969 1367 1044 amplior
1405 969 1697 1031 videretur,
1742 969 1899 1041 ignes
1942 984 2102 1040 quam
2130 966 2368 1040 plurumi
2405 969 2487 1026 iu-

209 1073 570 1130 cenderentur
619 1079 676 1128 et
720 1071 1014 1129 alerentur.
1050 1102 1138 1114 ——-
1179 1071 1273 1128 Set
1311 1080 1345 1131 5
1384 1077 1447 1128 ut
1486 1085 1585 1126 eos
1618 1070 1906 1126 omittatur
1945 1087 2056 1125 non
2100 1075 2310 1130 tautum
2348 1070 2488 1128 valet

209 1174 367 1230 unius
407 1173 429 1228 l
472 1173 864 1236 testimonium,
913 1191 1090 1248 eoque
1127 1174 1322 1236 minus,
1363 1173 1509 1246 quod
1554 1170 1813 1229 credibile
1860 1178 1943 1226 est
1979 1169 2343 1243 glossatorem
2376 1191 2515 1230 non-

211 1275 533 1332 insolentius
575 1291 672 1331 eos
717 1282 802 1332 set
841 1276 987 1350 quod
1013 1277 1156 1333 ratio
1198 1290 1426 1350 poscere
1454 1274 1732 1330 videretur
1772 1287 1833 1328 se
1876 1271 2260 1329 restituturum
2298 1273 2485 1331 fuisse.

210 1378 340 1434 Tum
379 1377 670 1434 coniuncta
713 1377 928 1434 Mauros
965 1386 1024 1434 et
1049 1378 1320 1434 Romanos
1361 1383 1543 1432 castra
1582 1373 1835 1431 habuisse
1877 1373 1989 1430 veri
2032 1373 2206 1430 simile
2244 1391 2355 1432 uon
2386 1384 2487 1440 est,

209 1486 263 1533 et
301 1485 436 1535 ante
485 1495 546 1535 se
589 1479 782 1552 utique
825 1479 1068 1552 ambigui
1125 1478 1330 1553 aliquid
1381 1477 1626 1533 haberet.
1719 1475 1970 1532 Ceterum
2018 1475 2117 1530 cfr.
2178 1493 2317 1549 quae
2358 1476 2485 1534 olim

211 1581 271 1636 ad
314 1581 432 1654 Iug-
477 1587 563 1643 96,
613 1587 646 1638 2
691 1598 744 1654 p.
789 1587 892 1641 545
936 1580 1162 1643 contuli,
1209 1580 1406 1653 quibus
1449 1579 1568 1635 add.
1607 1577 1800 1634 Muller
1838 1576 2034 1634 Philol.
2058 1577 2145 1640 ,lx
2185 1595 2239 1651 p.
2286 1584 2405 1640 597.

372 1659 494 1754 Iug-
526 1689 644 1745 108,
675 1691 706 1743 1
751 1683 884 1740 haec
911 1682 1200 1756 leguntur:
1241 1687 1557 1753 praeterea
1590 1681 1813 1747 Dabar,
1856 1678 2280 1751 Massuyradae
2310 1681 2487 1755 filius,

209 1798 284 1840 ex
303 1791 473 1855 yeme
497 1783 862 1853 Masinissae,
889 1791 1143 1841 ceterum
1169 1791 1428 1842 materno
1454 1798 1667 1856 qenere
1689 1785 1885 1855 inpar,
1914 1799 2051 1852 nam
2064 1788 2242 1852 pater
2263 1785 2387 1838 eius
2408 1798 2488 1842 ex

209 1887 524 1943 concubina
559 1892 723 1944 ortus
751 1893 900 1943 erat.
970 1885 1304 1961 Quamquam
1331 1903 1510 1960 neque
1540 1886 1607 1942 de
1648 1884 1850 1942 Dabare
1881 1901 2060 1958 neque
2088 1883 2155 1938 de
2184 1891 2341 1956 patre
2366 1885 2483 1942 eius

209 1987 555 2061 Massugrada
599 1967 890 2063 quidquam
931 1995 1256 2062 conpertum
1304 1987 1569 2044 habemus
1631 2017 1705 2028 -—
1750 1986 2027 2060 Appianus
2071 2003 2126 2058 p.
2172 1991 2277 2044 224
2320 1986 2481 2042 Bekk.

209 2089 541 2163 Magdalsen‚
595 2089 792 2147 Bocchi
831 2090 1075 2154 amicum,
1137 2090 1186 2146 ei
1229 2090 1456 2164 negotio
1511 2089 1826 2146 interfuisse
1872 2095 2137 2144 memorat
2184 2073 2257 2126 -—'-
2308 2095 2487 2144 tamen
2526 2117 2539 2158 ⁴·

210 2209 316 2248 non
351 2191 582 2248 dubium
635 2199 748 2254 est,
805 2192 938 2264 quin
989 2191 1337 2265 Massugrada
1394 2209 1535 2248 unus
1585 2190 1754 2248 fuerit
1810 2207 1875 2245 ex
1924 2187 2233 2245 Masinissae
2282 2191 2485 2264 spuriis

209 2292 345 2356 filiis,
389 2311 530 2366 quos
570 2291 772 2349 multos
814 2293 881 2349 ab
924 2311 991 2350 eo
1033 2301 1318 2368 susceptos
1339 2285 1482 2350 ‘esse
1527 2295 1662 2367 App.
1708 2311 1762 2368 p.
1802 2298 1909 2352 228
1960 2290 2252 2347 memoriae
2301 2292 2489 2365 prodi-

208 2395 286 2450 dit
327 2393 449 2467 (cfr.
495 2393 644 2452 Cless
683 2394 720 2449 l.
767 2412 813 2452 c.
858 2415 914 2470 p.
959 2394 1066 2469 99).
1155 2395 1234 2450 lta
1287 2395 1335 2451 si
1397 2412 1485 2451 res
1529 2394 1659 2458 suit,
1711 2394 1884 2451 Dabar
1924 2411 2049 2450 vere
2091 2409 2204 2449 non
2240 2401 2485 2450 materno

209 2513 408 2569 genere
453 2497 611 2570 inpar
647 2497 770 2560 fuit,
813 2504 899 2552 set
951 2497 1019 2552 ab
1071 2497 1186 2554 avia
1227 2505 1487 2570 paterna;
1542 2497 1721 2554 minus
1776 2514 1909 2570 ergo
1964 2494 2258 2568 diligenter
2312 2495 2487 2555 Sallu-

209 2597 372 2655 stium
419 2598 708 2674 scripsisse
765 2599 1006 2672 adparet.
1088 2601 1158 2655 At
1204 2598 1453 2674 plerique
1509 2598 1636 2655 libri
1688 2598 1945 2656 exhibent
1998 2604 2184 2654 mater
2232 2629 2309 2638 ——
2354 2605 2485 2654 orta

207 2706 352 2766 erat,
395 2700 450 2755 id
497 2701 642 2773 quod
686 2708 835 2758 recte
879 2701 985 2756 dici
1029 2701 1323 2758 secundum
1369 2700 1551 2758 omnia
1602 2717 1738 2775 quae
1780 2701 2001 2774 cognita
2058 2699 2318 2757 habemus
2374 2702 2487 2759 veri

209 2801 382 2857 simile
422 2819 539 2857 non
577 2811 676 2860 est.
762 2802 828 2858 Et
869 2803 1079 2859 variant
1117 2803 1245 2860 libri
1289 2804 1434 2860 inter
1479 2811 1621 2860 nata
1665 2810 1720 2870 et
1762 2809 1909 2858 orta.
1996 2803 2133 2858 Num
2164 2803 2336 2876 igitur
2370 2821 2486 2860 cre-

207 2902 370 2959 dibile
417 2903 645 2967 videtur,
691 2903 944 2962 librarios
982 2922 1120 2979 quae
1159 2907 1363 2980 scripta
1399 2905 1757 2968 invenissent,
1808 2912 1871 2960 ut
1925 2921 2049 2961 cum
2090 2911 2347 2960 materno
2389 2920 2486 2977 ye-

209 3019 346 3060 nere
399 3006 581 3076 inpar
621 3007 992 3069 convenirent,
1049 3007 1277 3064 arbitrio
1323 3025 1424 3065 suo
1476 2987 1752 3064 mutasse?
1835 3006 1964 3062 Mihi
2010 3023 2072 3062 ea
2120 3006 2484 3080 discrepantia

209 3107 340 3162 satis
369 3109 684 3180 argumenti
710 3109 939 3174 videtur,
985 3116 1050 3165 ut
1081 3108 1335 3166 librarios
1375 3109 1539 3166 variis
1572 3109 1751 3166 modis
1791 3125 1906 3163 rem
1934 3098 2203 3180 explicare
2244 3107 2483 3165 voluisse

211 3208 622 3275 existumemus3
665 3211 941 3269 doctiores
984 3218 1196 3284 patrem
1240 3228 1305 3267 ex
1331 3211 1633 3268 concubina
1670 3216 1857 3266 natum
1900 3209 2071 3265 fuisse
2112 3209 2483 3282 adscripsisse,

213 3309 458 3368 indoctos
502 3311 570 3367 de
610 3319 783 3368 matre
827 3320 1152 3369 autumasse.
1220 3312 1366 3381 Quae
1393 3319 1576 3369 autem
1618 3330 1709 3369 res
1742 3311 1927 3376 fuerit,
1962 3310 2154 3384 utique
2189 3311 2245 3366 in
2274 3311 2485 3368 incerto

212 3412 624 3487 relinquendum
669 3421 770 3472 est.
851 3413 999 3482 Quid
1035 3413 1178 3470 euim
1234 3413 1441 3478 obstat,
1500 3432 1611 3489 quo
1652 3415 1829 3472 minus
1871 3413 2273 3488 Massugradam
2314 3412 2485 3470 filium

213 3512 470 3571 Gulussae
505 3514 589 3571 vel
631 3515 1010 3572 Mastanabalis
1054 3523 1180 3572 ante
1214 3524 1426 3591 patrem
1474 3523 1757 3574 mortuum
1808 3516 1978 3573 fuisse
2030 3517 2189 3591 eique
2248 3501 2484 3574 ex‘con-

211 3616 400 3672 cuhina
457 3616 718 3674 Dabarem
772 3617 1018 3692 genitum
1075 3618 1410 3674 statuamus?
1502 3618 1634 3676 Cum
1689 3619 1971 3676 Masinissa
2029 3636 2195 3678 senex
2246 3636 2486 3692 nonage-

211 3719 388 3775 narius
429 3727 668 3776 mortem
707 3720 922 3782 obierit⁴
952 3719 1123 3796 (App.
1169 3719 1206 3776 l.
1251 3719 1358 3793 c.),
1403 3720 1575 3778 filium
1617 3721 1736 3778 eius
1781 3721 2176 3795 quinquaginta
2220 3727 2485 3777 annorum

213 3826 380 3877 aetate
423 3828 550 3877 ante
593 3838 718 3878 eum
759 3823 1088 3886 decessisse,
1141 3837 1317 3897 eoque
1357 3821 1617 3896 genituri?
1644 3821 1815 3880 filium
1856 3822 2258 3896 Massugradam
2293 3839 2485 3879 rursus

213 3927 329 3977 ante
385 3939 542 3978 avum
593 3922 786 3982 relicto
835 3941 902 3980 ex
949 3924 1252 3982 concubina
1316 3924 1430 3980 filio
1482 3925 1685 3981 Dabare
1744 3923 2061 4008 occubuisse
2126 3924 2363 3980 minume
2418 3923 2485 3979 ab

215 4024 355 4079 omni
397 4024 578 4098 specie
621 4026 736 4082 veri
775 4027 1050 4084 abhorret.

375 4124 489 4198 lug.
539 4133 666 4191 109,
712 4136 776 4190 3:
822 4135 940 4186 tum
983 4145 1127 4198 rex,
1169 4130 1257 4184 uti
1291 4135 1671 4201 praeceptum
1710 4126 1915 4200 fuerat
1948 4133 2087 4199 post
2123 4128 2269 4184 diem
2314 4129 2485 4184 decu—

212 4240 356 4282 mum
393 4229 596 4284 ‘redire
637 4231 792 4288 iubet
799 4252 821 4293 ;
865 4249 937 4288 ae
980 4231 1124 4288 nihil
1149 4233 1439 4288 etiamtum
1479 4232 1817 4298 decrevisse,
1860 4237 1945 4286 set
1979 4230 2075 4284 illo
2117 4231 2207 4285 die
2248 4245 2486 4303 respon-

215 4341 428 4385 surum.
501 4330 754 4395 Linkero‚
803 4333 896 4407 qui
939 4351 1008 4390 ac
1050 4334 1337 4390 delendum
1379 4333 1608 4397 censuit,
1654 4333 1759 4389 hoc
1800 4316 2209 4390 concedundum
2246 4341 2349 4398 est,
2393 4335 2488 4392 ubi
