3042 4917
906 290 1513 336 cosmam-Arionem
1555 288 1694 331 car.
1742 287 1830 332 ιν.
2447 263 2524 328 81

238 468 302 506 ac
336 449 705 506 recentiorum
752 447 1017 504 librorum
1064 454 1165 509 est,
1204 443 1578 502 vetustissumi
1621 451 1676 499 et
1721 441 1930 517 optumi
1975 443 2282 498 clamorem
2329 441 2416 498 vel
2441 447 2529 498 tu-

236 554 478 608 multum
524 551 782 607 hostilem
827 549 1098 612 exhibent,
1144 547 1285 604 unde
1332 546 1389 602 in
1430 545 1710 621 proxumis
1753 546 1824 600 cl.
1869 552 1926 600 et
1965 545 2297 616 tumultum,
2343 543 2400 598 in
2443 559 2530 599 se-

239 653 537 728 quentibus
582 651 701 708 aliis
744 649 889 706 aliud
936 650 1136 706 factum
1174 657 1275 706 est.
1375 649 1632 704 hostilem
1673 645 1824 702 solus
1869 641 1947 700 M²
1987 663 2106 720 sup.
2157 644 2271 707 lin„
2316 663 2420 719 pro
2457 661 2526 702 eo

234 757 485 811 hostium
532 771 673 810 unus
721 753 778 806 T.
856 751 1033 824 Igitur
1076 750 1306 807 alterum
1354 757 1540 806 utrum
1569 750 1876 806 clamorem
1913 755 2007 805 aut
2045 750 2346 805 tumultum
2377 745 2527 820 glos-

236 874 386 912 sema
430 873 553 912 esse
596 862 823 912 certum.
882 853 1137 926 Plerique
1179 854 1479 908 tumultum
1522 851 1825 908 iudicavere
1844 893 1859 914 ,
1907 849 2071 906 credo
2109 850 2256 924 quod
2294 867 2396 924 per
2441 850 2530 906 vel

234 957 399 1014 alteri
438 957 749 1014 adiunctum
795 962 957 1012 esset.
1044 954 1114 1008 At
1152 953 1309 1011 multi
1352 953 1704 1010 inveniuntur
1745 952 1870 1016 loci,
1917 952 1974 1009 in
2025 950 2224 1025 quibus
2253 950 2526 1025 glossema

236 1067 365 1115 ante
407 1057 729 1115 vocabulum
770 1058 838 1115 ab
882 1058 1153 1131 scriptore
1196 1056 1461 1130 scriptum
1506 1055 1740 1112 inlatum
1787 1054 1875 1110 sit.
1963 1053 2031 1110 Et
2071 1061 2257 1110 utrum
2299 1053 2411 1110 veri
2453 1053 2526 1110 si·
2583 1043 2596 1047 ”

234 1159 421 1216 milius
467 1169 553 1216 est
597 1159 921 1234 explicatum
970 1176 1121 1221 esse,
1168 1160 1477 1214 clamorem
1518 1174 1587 1212 an
1627 1157 1970 1212 tumultum?
2041 1155 2306 1212 Linkerus
2347 1163 2525 1212 autem

234 1262 497 1317 hostilem
542 1261 597 1317 in
636 1261 1001 1335 suspicionem
1046 1259 1288 1324 vocavit;
1342 1258 1542 1332 quibus
1597 1257 1663 1314 de
1713 1256 1920 1314 caussis
1969 1274 2076 1330 ego
2121 1257 2372 1331 equidem
2414 1275 2524 1314 non

235 1362 531 1437 perspicio.
618 1361 750 1417 Nam
793 1379 969 1435 neque
1012 1361 1141 1418 libri
1186 1361 1479 1436 quidquam
1518 1344 1846 1433 suspicionis
1877 1365 2095 1415 movent
2127 1366 2201 1422 et,
2243 1367 2306 1415 ut
2335 1358 2525 1416 abesse

234 1481 401 1539 posse
445 1463 749 1536 negandum
792 1478 903 1517 non
954 1471 1062 1524 est,
1118 1463 1197 1520 sic
1248 1470 1394 1518 recte
1440 1461 1707 1518 adiectum
1751 1457 1908 1516 facile
1944 1458 2303 1533 intellegitur.
2391 1461 2526 1518 Pro·

236 1567 382 1622 secto
426 1563 571 1620 enim
612 1564 787 1620 maius
831 1563 1134 1638 periculum
1179 1564 1313 1627 fuit,
1366 1563 1413 1618 si
1462 1561 1714 1618 Metellus
1765 1579 1875 1618 non
1931 1561 2113 1618 solum
2159 1563 2451 1620 tumultum
2495 1582 2524 1620 a

235 1673 401 1739 tergo
444 1666 678 1739 accepit,
733 1673 816 1722 set
856 1682 979 1721 eum
1023 1665 1303 1726 hostilem,
1366 1664 1401 1718 i.
1446 1681 1492 1720 e.
1541 1664 1608 1720 ab
1651 1681 1836 1738 pugna
1881 1682 2003 1720 cum
2044 1664 2297 1722 hostibus
2343 1672 2524 1722 ortum

234 1786 361 1826 esse
406 1767 681 1842 persensit
725 1764 843 1838 (cfr.
886 1765 993 1821 ind.
1040 1784 1083 1822 s.
1128 1764 1217 1838 v.).

408 1870 525 1942 lug.
573 1875 669 1930 61,
718 1873 753 1926 4
806 1867 872 1922 ad
912 1867 1017 1923 hoc
1064 1874 1275 1941 tempus
1319 1866 1596 1939 volgatum
1651 1875 1736 1922 est
1791 1874 1846 1922 et
1893 1869 2027 1924 inde
2086 1870 2328 1925 vadibus
2374 1871 2526 1926 datis

232 1972 385 2028 clam
428 1970 717 2026 Massivae
773 1972 843 2026 de
900 1984 1037 2024 nece
1092 1971 1363 2024 iudicium
1410 1967 1671 2040 fuyerat.
1771 1970 1848 2024 Ac
1903 1971 1973 2024 de
2023 1969 2312 2026 Massivae
2367 1986 2522 2034 nece,

236 2089 401 2146 quem
428 2072 491 2128 ad
515 2072 733 2128 modum
768 2088 873 2144 ego
907 2070 1035 2126 olim
1072 2078 1129 2126 et
1161 2087 1335 2143 nuper
1358 2069 1672 2126 Gerlachius
1701 2069 1981 2134 edidimus,
2017 2088 2139 2127 cum
2171 2079 2521 2153 optumorum

234 2173 507 2230 librorum
548 2173 818 2247 scriptura
866 2172 955 2233 sit,
1002 2171 1133 2245 quin
1180 2171 1235 2228 in
1280 2179 1487 2228 textum
1531 2171 1904 2245 recipiundum
1945 2173 2046 2235 sit,
2091 2190 2160 2230 eo
2203 2173 2380 2230 minus
2423 2174 2523 2230 du-

235 2275 404 2331 bitari
439 2283 639 2350 potest,
688 2275 835 2348 quod
880 2273 1169 2330 Sallustius
1202 2290 1495 2348 numquam
1527 2273 1990 2347 praepositionem
2032 2275 2178 2330 inter
2213 2276 2523 2348 genetivum

234 2385 297 2433 et
356 2377 752 2433 substantivum
803 2376 1021 2450 posuit,
1077 2375 1183 2431 nisi
1234 2376 1291 2432 in
1345 2375 1600 2432 membris
1649 2375 1888 2432 relativis
1942 2375 2088 2450 (lug.
2133 2383 2198 2441 4,
2241 2385 2290 2436 2.
2323 2385 2421 2443 28,
2469 2385 2519 2438 4.

234 2487 325 2541 30,
370 2487 421 2539 3.
477 2479 565 2534 Fr.
610 2479 634 2534 1
684 2478 797 2552 10),
860 2476 913 2533 id
952 2478 1100 2551 quod
1140 2477 1303 2534 etiam
1346 2477 1458 2550 lug.
1511 2484 1606 2540 14,
1648 2486 1675 2536 1
1728 2479 1788 2533 in
1831 2480 2014 2534 locum
2069 2497 2136 2535 ex
2191 2479 2521 2554 glossemate

233 2589 427 2638 natum
468 2597 529 2636 ac
573 2597 750 2636 veram
796 2597 915 2636 esse
960 2579 1017 2640 Q
1076 2579 1401 2653 scripturam
1450 2581 1574 2636 loco
1632 2588 1852 2653 praeter
1894 2580 1998 2636 alia
2041 2590 2361 2654 argumenta
2404 2582 2522 2657 pla-

233 2701 371 2740 num
414 2682 558 2739 iacit.
640 2682 748 2738 lam
804 2681 951 2755 quod
1013 2680 1069 2736 in
1119 2680 1397 2738 nonnullis
1449 2689 1614 2754 atque
1674 2681 1808 2738 adeo
1859 2683 2088 2740 vetustis
2130 2684 2407 2742 codicibus
2451 2687 2522 2743 de

234 2791 336 2842 aut
376 2784 501 2841 loco
540 2802 640 2840 suo
686 2791 895 2840 motum
946 2791 1041 2838 aut
1086 2783 1346 2839 omissum
1390 2789 1505 2846 est,
1569 2784 1633 2838 ad
1689 2800 1805 2840 eam
1859 2784 2226 2860 suspicionem
2284 2787 2519 2858 adducit,

233 2886 513 2961 glossema
544 2886 597 2941 in
635 2885 797 2942 verba
842 2884 1128 2958 scriptoris
1172 2884 1397 2941 inlatum
1425 2885 1544 2942 eius
1575 2885 1878 2960 expellendi
1913 2905 2156 2944 caussam
2185 2889 2520 2962 praebuisse.

231 2995 293 3045 et
336 3005 461 3044 cum
510 2990 658 3044 clam
711 2988 768 3043 in
826 2971 1067 3061 optumis
1120 2985 1273 3042 libris
1316 2985 1399 3042 vel
1442 2987 1584 3043 desit
1626 2987 1709 3044 vel
1750 3006 1916 3063 supra
1953 2989 2218 3063 scriptum
2253 2990 2342 3053 sit,
2391 2990 2522 3064 quid

232 3089 482 3174 apertius
537 3108 697 3164 quam
749 3089 803 3147 id
858 3107 924 3145 ex
971 3087 1093 3144 loco
1138 3095 1235 3152 45,
1282 3096 1315 3150 9
1372 3107 1403 3144 a
1452 3088 1762 3162 glossatore
1818 3089 1924 3146 huc
1983 3090 2306 3148 translatum
2363 3093 2520 3150 esse?
2583 3155 2590 3161 .

230 3191 351 3248 Nisi
390 3191 535 3248 forte
579 3191 887 3249 necessario
917 3191 1335 3264 exprimuntlum
1364 3191 1534 3247 fuisse
1571 3191 1776 3254 crediS,
1825 3209 1947 3248 eum
1994 3192 2087 3265 qui
2129 3191 2387 3250 iudicium
2437 3194 2521 3250 fu-

230 3292 427 3366 gisset,
464 3293 517 3348 id
557 3293 695 3350 clam
738 3293 947 3350 secisse.
2039 3278 2047 3288 ’

294 3411 302 3417 ·
408 3394 743 3452 Difficilluma
780 3395 941 3451 verba
984 3403 1112 3452 sunt
1140 3396 1253 3468 lug.
1286 3400 1355 3456 69
1384 3402 1519 3450 extr.
1569 3395 1840 3451 Ponamus
1881 3395 2115 3469 primum
2146 3404 2292 3454 recte
2337 3399 2520 3464 scribi,

234 3498 387 3572 quod
440 3491 507 3554 Ρ1
568 3497 757 3572 Ρνίωει·
786 3515 947 3554 manu
997 3515 1121 3554 cum
1170 3497 1519 3572 paucioribus
1576 3498 1732 3554 libris
1785 3498 2004 3554 exhibet
2059 3499 2312 3573 quodque
2357 3500 2522 3575 volgo

230 3600 443 3656 editum
492 3607 593 3662 est,
636 3617 771 3656 nam
814 3602 863 3655 is
906 3601 1045 3656 civis
1087 3615 1165 3654 ex
1198 3599 1361 3655 Latio
1392 3606 1552 3661 eran
1595 3601 1704 3657 duo
1737 3608 1854 3658 tum
1891 3588 2214 3676 quaerenda⁵
2239 3610 2382 3666 sunt,
2427 3604 2521 3678 qui

228 3709 385 3758 recte
424 3701 637 3758 dicatur
679 3704 819 3758 civis
860 3717 940 3757 ex
982 3701 1145 3758 Latio
1199 3710 1256 3781 et
1311 3718 1419 3776 quo
1462 3703 1624 3759 modo
1680 3721 1742 3760 ea
1785 3722 1876 3761 res
1928 3704 1995 3760 ad
2043 3704 2378 3762 inlustranda
2433 3705 2521 3762 vel

232 3803 604 3860 confirmanda
648 3821 972 3879 praegressa
1016 3803 1341 3877 pertineant.
1432 3805 1582 3862 Civis
1635 3806 1805 3880 igitur
1862 3821 1942 3862 ex
1982 3807 2148 3862 Latio
2203 3807 2298 3862 ubi
2343 3806 2521 3864 dictus

231 3904 435 3979 aliquis
470 3913 631 3968 esset,
679 3923 838 3961 nemo
878 3923 947 3961 ne
988 3905 1163 3962 ullum
1206 3906 1425 3980 quidem
1468 3915 1710 3964 veterum
1755 3909 2085 3983 scriptorum
2115 3907 2294 3964 locum
2339 3917 2522 3965 osten-

230 4005 331 4070 dit,
378 4014 434 4062 at
479 4007 635 4082 pauci
678 4024 805 4063 uum
850 4013 997 4063 recte
1040 4007 1145 4064 dici
1190 4016 1381 4081 posset
1422 4008 1753 4065 dubitavere.
1841 4010 1916 4066 Ac
1943 4007 2268 4066 Niebuhrius
2304 4009 2520 4083 quidem

246 4108 311 4164 H.
362 4108 514 4164 Rom.
561 4108 603 4163 ll
638 4115 706 4170 75
756 4105 1098 4171 Sallustium,
1156 4117 1295 4165 teste
1340 4108 1517 4166 Gellio
1557 4109 1602 4164 X
1643 4117 1726 4172 20,
1764 4119 1826 4170 lo
1863 4081 2262 4184 proprietatum
2305 4111 2362 4166 in
2403 4129 2520 4168 ver·-

234 4210 319 4266 bis
368 4208 904 4272 retinentissumum‚
962 4227 1079 4266 eam
1124 4210 1455 4267 locutionem
1503 4210 1804 4267 obsoletam
1859 4229 1923 4267 ex
1969 4211 2150 4286 prisca
2193 4213 2520 4288 antiquitate

230 4311 553 4387 repetivisse
616 4312 844 4370 censuit.
938 4309 1090 4379 Quod
1152 4313 1315 4370 credo
1384 4312 1465 4368 vir
1533 4312 1624 4369 ille
1698 4311 2004 4370 inmortalis
2061 4315 2352 4374 memoriae
2411 4335 2522 4376 non

374 4425 649 4478 Sannusr.
688 4443 779 4480 nn.
816 4429 1093 4480 Dmrscn.
2073 4408 2112 4471 6
