3042 4917
524 283 645 367 196
1208 294 1816 356 conmanumonun
1869 311 2012 357 car.
2055 313 2116 361 v,

520 471 715 524 lentur
754 466 875 524 cum
917 464 1179 541 gravitas,
1238 484 1375 542 quae
1420 466 1496 526 ita
1543 468 1848 526 sententiae
1890 465 2133 534 additur,
2195 470 2450 536 ostendit,
2499 479 2614 530 tum
2667 471 2822 548 quod

520 568 761 628 Vaticani
797 570 926 627 fides
971 587 1071 645 per
1116 572 1415 646 marginem
1450 571 1568 628 cod.
1612 573 1652 628 P
1695 571 2012 628 confirmata
2053 580 2156 630 est.
2242 575 2422 648 Atque
2461 576 2584 632 cum
2621 575 2819 632 eodem

520 672 577 732 in
614 672 971 749 sequentibus
1016 675 1258 730 utemini
1299 673 1538 730 scribere
1575 691 1642 730 eo
1687 674 1868 731 minus
1909 675 2168 738 dubitavi,
2212 694 2336 733 cum
2367 656 2564 734 rursus
2594 695 2724 734 cum
2756 677 2817 738 ΞΒ

518 776 813 851 conplures
860 776 1073 851 optumi
1109 775 1238 832 libri
1282 777 1674 841 consentirent,
1722 783 1778 834 et
1821 777 1935 834 veri
1967 777 2200 834 similius
2243 778 2531 835 videretur
2559 779 2816 836 futurum

518 878 575 934 in
620 879 997 953 inperativum‚
1041 878 1243 953 quippe
1287 878 1379 952 qui
1423 895 1526 953 pro
1567 880 1880 936 conditione
1921 878 2139 955 positus
2185 879 2360 952 magis
2405 881 2460 936 in
2503 899 2612 937 usu
2645 887 2814 943 esset,

518 988 786 1037 mutatum
835 996 996 1054 quam
1032 997 1095 1036 ex
1138 980 1243 1038 hoc
1283 980 1418 1037 illud
1462 981 1667 1038 factum
1711 998 1846 1038 esse.
1921 982 1993 1037 De
2032 965 2212 1038 forma
2243 981 2470 1038 membri
2505 983 2606 1038 csr.
2641 981 2814 1038 Madv.

519 1099 603 1155 gr.
651 1082 743 1138 lat.
792 1082 845 1154 §-
888 1088 993 1142 348
1036 1100 1120 1138 an.
1168 1091 1217 1143 5.
1308 1081 1495 1139 Simile
1533 1084 1663 1140 huic
1706 1083 1830 1140 loco
1873 1090 1958 1140 est
2003 1083 2108 1140 Cic.
2153 1085 2246 1140 Ac.
2290 1083 2458 1145 1136:
2503 1085 2614 1157 aye'
2643 1086 2816 1140 resci-

518 1190 641 1240 tero
676 1185 1097 1255 Peripateticis,
1136 1187 1465 1241 sustinuero
1500 1186 1856 1258 Epicureos.-
1899 1185 2140 1243 Diodoto
2175 1187 2316 1258 quid
2337 1185 2560 1257 faciam
2595 1185 2812 1254 Stoico,

518 1293 603 1344 set
642 1287 891 1344 futurum
934 1285 1160 1362 simplex
1190 1288 1500 1363 ponendum
1545 1288 1666 1352 fuit,
1715 1287 1970 1363 quoniam
1999 1289 2066 1344 de
2097 1306 2158 1345 re
2189 1287 2556 1345 continuanda
2585 1289 2814 1345 dicitur.

686 1405 859 1462 Etiam
902 1413 1157 1481 optumos
1198 1406 1371 1464 libros
1417 1407 1782 1464 emendationi
1828 1406 2010 1465 locuni
2048 1408 2363 1482 relinquere
2394 1424 2518 1463 cum
2561 1407 2658 1463 alii
2704 1407 2814 1464 loci

518 1508 829 1572 ostendunt,
876 1515 991 1564 tum
1028 1507 1139 1564 Cat.
1176 1515 1261 1574 23,
1300 1517 1351 1574 4,
1394 1509 1489 1567 ubi
1529 1527 1786 1585 pervorse
1813 1511 2130 1580 ,insolentia
2163 1509 2302 1567 Curi
2335 1525 2546 1567 caussa
2576 1511 2816 1584 coquita

517 1610 575 1667 in
619 1610 901 1685 plerisque
944 1609 1208 1685 scriptum
1246 1618 1347 1668 est.

637 1736 641 1741 '
688 1731 818 1788 Cum
854 1737 1179 1787 conventum
1224 1730 1650 1793 coniuratorum,
1695 1730 1761 1787 de
1810 1746 1918 1804 quo
1961 1728 2088 1786 Sall.
2133 1730 2244 1787 Cat:
2291 1734 2375 1794 27,
2421 1737 2456 1790 4
2499 1739 2707 1795 narrat,
2758 1731 2812 1786 in

515 1833 676 1890 domo
720 1832 786 1888 M.
830 1832 988 1888 Porci
1045 1832 1245 1888 Laecae
1300 1832 1500 1888 sactum
1560 1851 1679 1889 esse
1737 1851 1801 1888 ex
1853 1831 1956 1889 Cic.
2013 1831 2070 1888 in
2115 1832 2226 1889 Cat.
2273 1833 2390 1894 14,
2429 1839 2479 1892 8.
2537 1851 2622 1906 pr.
2673 1833 2809 1889 Sull.

517 1941 608 1998 18,
652 1941 739 1994 42.
792 1935 938 1991 Cass,
980 1932 1147 2015 Dione
1191 1935 1227 1990 l.
1274 1951 1438 2008 supra
1488 1953 1544 2009 p.
1605 1939 1676 1994 40
1728 1933 1946 1991 conlato
2004 1941 2251 1997 constet,
2304 1933 2502 1991 mirum
2552 1935 2810 2008 profecto

512 2035 615 2100 est,
665 2039 812 2111 quod
853 2037 997 2112 apud
1040 2037 1195 2094 illum
1252 2036 1518 2110 scriptum
1575 2044 1660 2092 est
1713 2017 2128 2094 coniurationis
2175 2038 2479 2108 principes
2528 2043 2811 2094 convocat

504 2155 622 2212 per
660 2139 741 2196 M.
784 2141 1055 2206 Porcium
1099 2141 1377 2208 Laecam,
1430 2146 1491 2195 ut
1529 2147 1623 2194 aut
1663 2139 1920 2216 nescierit
1963 2155 2070 2212 quo
2109 2137 2338 2194 Catilina
2379 2137 2558 2194 socios
2603 2155 2810 2195 convo-

512 2250 705 2304 casset,
752 2250 846 2299 aut
890 2242 1190 2299 lectoribus
1229 2237 1556 2317 permiserit,
1597 2248 1660 2297 ut
1695 2259 1759 2296 ex
1789 2256 1900 2312 per
1931 2239 2010 2295 M.
2043 2241 2316 2297 Porcium
2351 2240 2600 2296 Laecam
2635 2227 2808 2298 ‘acute

513 2343 900 2417 intellegerent
964 2344 1020 2400 in
1086 2345 1307 2403 domum
1361 2343 1481 2400 eius
1536 2349 1866 2400 convocatos
1919 2359 2064 2405 esse,
2130 2341 2363 2416 quorum'
2417 2349 2677 2398 neutrum
2739 2361 2807 2400 eo

513 2446 738 2519 (lignum
782 2453 885 2502 est.
974 2445 1171 2522 Recepi
1214 2463 1348 2519 ergo
1390 2463 1512 2502 cum
1555 2443 1791 2501 Linkero
1822 2442 2077 2501 Palmerii
2117 2444 2487 2501 coniecturam
2523 2459 2707 2515 penes
2740 2439 2807 2518 1),

514 2565 692 2622 neque
738 2548 1034 2604 deterritus
1070 2565 1190 2605 sum
1236 2565 1321 2610 eo,
1372 2548 1519 2621 quod
1557 2563 1743 2619 penes
1797 2545 1930 2602 alias
1973 2563 2188 2620 semper
2231 2545 2501 2620 significat
2545 2545 2601 2601 iu
2645 2546 2807 2603 cuius

514 2650 675 2706 domo
730 2649 815 2706 vel
859 2636 1147 2724 ”potestate
1200 2649 1405 2724 aliquid
1462 2650 1564 2713 sit,
1619 2667 1741 2706 cum
1797 2649 1960 2720 apud
2010 2646 2261 2703 similiter
2315 2665 2418 2722 pro
2476 2649 2555 2703 ad
2595 2631 2807 2704 dictum

515 2768 635 2810 esse
680 2751 747 2807 ab
786 2750 995 2808 Lucilio
1037 2750 1244 2808 Nonius
1290 2758 1525 2808 testetur
1567 2770 1620 2827 Ρ.
1663 2757 1762 2814 357
1811 2748 1893 2806 ed.
1938 2749 2099 2805 Roth.

684 2869 795 2927 Cat.
856 2875 949 2932 28,
1003 2875 1039 2929 4
1090 2887 1154 2927 ex
1210 2871 1449 2944 optumis
1505 2868 1662 2926 libris
1713 2869 2064 2926 scribundum
2121 2867 2440 2924 existumavi
2493 2869 2806 2924 nonnullos

510 2989 590 3030 etc
632 2972 886 3030 Sullanis
922 2975 1174 3031 coloniis.
1261 2973 1362 3030 Ubi
1410 2974 1676 3030 nonnulli
1715 2990 1838 3029 cum
1879 2987 1958 3027 ex
2011 2969 2268 3046 partitivo
2311 2967 2663 3025 coniunctum
2709 2970 2803 3032 sit,

511 3075 721 3134 nullum
762 3075 925 3134 alium
958 3077 1140 3134 locum
1176 3075 1318 3140 novi,
1356 3082 1412 3132 et
1437 3093 1562 3132 cum
1587 3074 1723 3134 illud
1747 3073 2067 3130 adiectivum
2101 3089 2213 3127 non
2246 3079 2352 3127 tam
2377 3077 2605 3145 partem,
2640 3089 2806 3145 quam

512 3179 913 3237 multitudinem
955 3179 1238 3254 quamdam
1281 3177 1577 3252 significet,
1625 3155 1804 3232 minus
1847 3181 1994 3231 recte
2041 3191 2158 3231 eam
2200 3156 2668 3248 praepositionem
2709 3175 2804 3230 ad-

512 3282 711 3346 sciscit,
766 3281 871 3337 nisi
910 3282 977 3337 de
1021 3282 1362 3356 exemptione
1407 3287 1463 3336 et
1514 3278 1728 3335 delectu
1767 3277 1995 3334 dicatur.
2077 3277 2208 3332 Cum
2263 3275 2516 3350 genetivo
2572 3276 2804 3333 coniun-

510 3392 658 3441 ctum
704 3389 790 3440 est
843 3401 928 3458 ap.
988 3382 1211 3440 Sueton.
1269 3379 1416 3439 Caes'.
1463 3389 1548 3441 20.
1607 3382 1745 3454 Aug.
1787 3387 1870 3440 59.
1941 3377 2236 3435 Sallustius
2293 3377 2425 3434 alias
2486 3385 2548 3434 ut
2609 3393 2803 3435 omnes

427 3529 431 3532 ⁴
512 3483 876 3558 elegantiores
920 3485 1217 3558 scriptores
1261 3501 1385 3542 cum
1430 3483 1762 3540 nominativo
1803 3481 2117 3545 coniunxit3
2174 3480 2274 3536 cfr.
2320 3479 2430 3534 Cat.
2477 3487 2572 3543 49,
2615 3487 2665 3539 4.
2714 3487 2801 3543 58,

516 3593 597 3648 13
686 3586 779 3643 Set
817 3594 965 3642 recte
1002 3587 1204 3644 dicitur
1257 3602 1337 3642 eoe
1381 3587 1646 3654 coloniiS,
1693 3593 1756 3642 ut
1801 3589 1897 3647 17,
1942 3590 2002 3642 4:
2060 3585 2140 3640 ad
2177 3583 2285 3640 hoc
2326 3581 2492 3638 mu‘lti
2531 3597 2612 3638 ear:
2653 3584 2805 3639 colo-

511 3689 623 3745 niis
664 3694 721 3745 et
762 3691 1102 3760 municipiis,
1142 3691 1295 3747 domi
1334 3689 1566 3746 nobile-9.

678 3789 890 3849 Nollem
945 3790 1055 3847 Cat.
1117 3797 1297 3856 29,1
1348 3787 1617 3847 librorum
1678 3788 1917 3846 omnium
1971 3786 2298 3872 scripturam
2351 3784 2478 3842 olim
2529 3784 2804 3842 defendis-

508 3913 623 3952 sem
680 3895 1054 3966 exaqitatam.
1153 3894 1317 3950 Recte
1376 3893 1479 3950 iam
1531 3891 1748 3950 Cortius
1800 3890 2177 3947 emendaverat
2221 3889 2598 3960 exaqitatum.
2683 3889 2798 3944 Vid.

508 3997 733 4072 Selling.
780 4016 833 4073 p.
879 4004 960 4058 19.

676 4098 904 4158 Multum
971 4098 1311 4174 disputatum
1368 4103 1453 4154 est
1512 4096 1580 4152 de
1641 4093 1766 4152 loco
1823 4092 1933 4151 Cat.
1985 4100 2082 4157 31,
2144 4101 2206 4156 5,
2259 4091 2354 4150 ubi
2417 4089 2661 4149 Kritzius
2726 4092 2801 4147 ita

604 4281 662 4348 1)
704 4299 806 4348 per
851 4297 949 4348 pro
986 4297 1149 4346 penes
1198 4281 1258 4329 in
1303 4277 1582 4330 nonnullis
1623 4277 1784 4329 libris
1831 4277 2097 4344 scriptum
2145 4279 2232 4326 est
2275 4274 2373 4326 lib.
2425 4273 2496 4324 ad
2547 4273 2796 4365 Herenn.

508 4363 1094 4436 1V5,7p.129,13
1132 4363 1218 4417 ed.
1252 4364 1424 4430 KayS.
