3042 4917
901 299 1504 346 counnumrmnuu
1552 296 1693 340 cAP.
1739 296 1822 340 1v.
2408 267 2491 336 89

211 461 338 521 Sall.
380 461 460 520 ibi
493 468 587 520 aut
630 474 828 516 novum
862 455 1158 514 membrum
1197 454 1691 531 incipere-semper
1732 453 1903 514 voluit
1940 454 2072 528 (Cat.
2120 461 2200 516 11.
2233 458 2283 516 6.
2330 459 2414 516 39.
2445 459 2489 510 1.

210 566 323 640 lug.
366 573 450 628 ll,
478 574 528 624 5.
573 569 658 625 49,
690 567 740 620 6.
781 567 866 624 68,
911 567 960 620 3.
1003 565 1089 622 76,
1121 565 1170 619 6.
1215 566 1300 621 81,
1349 565 1394 616 l.
1443 567 1559 621 101,
1598 564 1647 618 6.
1698 565 1813 620 108,
1852 566 1895 617 1.
1941 556 2217 618 Fr.114s.
2263 556 2366 614 inc.
2406 553 2493 628 15)
2584 594 2593 605 .

211 675 301 724 aut
345 663 696 742 postposuit,
753 678 930 735 neque
977 660 1081 718 hoc
1122 659 1245 718 loco
1299 661 1488 718 eodem
1534 661 1695 716 modo
1740 660 1943 725 dictum
1990 676 2111 718 esse
2154 666 2343 734 potest
2382 675 2491 732 quo

209 770 321 842 lug.
369 775 458 830 58,
505 774 539 827 3
580 768 670 821 sin
714 787 800 842 T*
841 765 921 820 ibi
955 779 1104 820 vero.
1193 761 1371 819 Eiusd.
1429 780 1547 836 cap.
1603 770 1781 819 autem
1840 780 1966 836 pars
2006 768 2243 820 extrema
2288 768 2493 835 quanto

135 884 142 892 “
213 887 382 944 opere
449 865 673 924 Sallusti
743 864 871 921 libri
931 863 1276 938 glossematis
1331 864 1599 939 inquinati
1660 865 1769 920 sint
1838 864 2092 921 ostendit.
2122 929 2137 939 ᾖ
2185 861 2316 919 Nam
2370 879 2493 919 cum

213 973 526 1028 coercitum
569 966 928 1041 explicatione
973 981 1148 1041 egere·
1171 963 1389 1035 librarii
1434 966 1849 1030 arbitrarentur,
1884 973 2016 1024 ante
2044 964 2301 1026 adiecere,
2349 963 2494 1039 quod

213 1090 332 1128 cum
379 1072 438 1128 in
480 1064 547 1126 P1
593 1068 1040 1143 superscriptum,
1089 1068 1144 1123 in
1175 1068 1492 1125 *recentiore
1534 1067 1733 1124 familia
1780 1068 2037 1125 omissum
2080 1066 2179 1130 sit,
2224 1065 2494 1140 glossema

215 1192 334 1230 csse
364 1171 717 1248 perspicuum
759 1178 860 1226 est.
1093 1173 1156 1202 ··’
2442 1228 2486 1248 ,-

386 1276 502 1348 Iug.
537 1279 622 1335 92,
660 1279 694 1330 2
737 1271 974 1330 Kritzius
1013 1272 1304 1329 etiamnum
1344 1273 1506 1330 verba
1547 1274 1709 1330 modo
1742 1287 1937 1329 verum
1966 1274 2135 1328 etiam
2166 1276 2307 1329 casu'
2339 1255 2494 1338 data,

218 1394 355 1452 quae
402 1377 459 1432 in
503 1374 858 1450 paucissumis
898 1373 1080 1438 libris,
1139 1391 1386 1450 quosque
1433 1375 1715 1448 eleganter
1755 1374 2115 1449 interpolatos
2145 1391 2281 1430 -esse
2320 1379 2417 1435 21,
2462 1377 2505 1432 4·

219 1480 321 1536 iam
369 1495 536 1552 supra
581 1455 950 1549 cognovimus,
997 1476 1200 1533 adiecta
1247 1483 1404 1539 sunt,
1448 1477 1692 1534 retinuit.
1776 1477 1848 1534 De
1893 1477 2089 1551 quibus
2124 1483 2185 1532 ut
2228 1484 2375 1533 re'cte
2416 1475 2498 1532 iu-

219 1581 398 1638 dicare
440 1553 732 1653 possimus,
772 1576 1006 1652 primum
1053 1579 1417 1668 quaerendum
1447 1585 1533 1634 est
1578 1579 1707 1652 quid
1749 1580 1821 1636 sit
1864 1582 1925 1636 in
1954 1582 2217 1636 virtutem
2246 1579 2497 1636 trahere.

221 1683 350 1740 Cum
393 1681 631 1737 trahere
677 1680 756 1734 ad
777 1680 1023 1750 aliquem
1069 1679 1142 1735 sit
1181 1699 1303 1737 cum
1347 1681 1701 1738 contentione
1738 1681 1943 1756 aliquid
1984 1680 2147 1739 alicui
2184 1697 2499 1755 conparare,

221 1783 494 1844 tribuere,
549 1779 842 1838 conciliare
903 1781 1122 1837 studere
1179 1781 1310 1856 (cfr.
1361 1781 1473 1838 Liv.
1533 1783 1554 1838 Ι
1596 1787 1658 1846 7.
1706 1793 1766 1845 1:
1828 1791 1889 1841 at
1926 1785 1989 1841 hi
2034 1799 2271 1840 numero
2311 1785 2499 1839 avium

147 1955 158 1960 -
221 1902 461 1958 regnum
495 1883 818 1942 trahebant.
871 1883 938 1938 IX
967 1889 1051 1947 28,
1079 1890 1112 1944 6
1143 1889 1350 1955 captae
1379 1887 1555 1940 decus
1583 1885 1765 1942 Nolae
1794 1888 1874 1943 ad
1900 1888 2189 1943 consulem
2216 1884 2501 1956 trahunt),

221 1990 280 2044 in
323 1990 593 2044 virtutem
639 1984 874 2040 trahere
920 1985 1056 2041 nihil
1101 1985 1244 2043 aliud
1289 1985 1595 2060 significare
1636 1994 1840 2061 potest,
1899 2006 2059 2062 quam
2098 1986 2289 2043 virtuti
2330 1985 2503 2042 vindi-

225 2107 345 2148 care
400 2087 639 2149 studere,
685 2085 874 2142 virtuti
918 2087 1146 2144 alicuius
1199 2089 1467 2151 tribuere,
1515 2090 1803 2146 ostendere
1842 2106 2002 2163 quam
2040 2088 2243 2163 aliquid
2284 2087 2502 2144 virtutis

225 2193 310 2256 sit,
355 2199 420 2246 ut
463 2187 660 2246 similia
699 2187 808 2243 sint
858 2205 980 2244 rem
1023 2192 1083 2245 in
1127 2191 1457 2263 superbiam
1499 2195 1725 2247 vortere
1774 2191 1889 2266 lug.
1926 2199 2026 2255 82,
2074 2199 2123 2256 3,
2172 2192 2502 2247 modestiam

223 2297 281 2350 in
315 2292 725 2350 conscientiam
763 2292 976 2347 ducere
1003 2298 1088 2354 85,
1121 2298 1206 2354 26,
1247 2295 1310 2348 in
1351 2294 1653 2350 lubidinem
1693 2299 1917 2350 vortere
1956 2300 2038 2358 41,
2070 2301 2119 2354 5.
2204 2293 2349 2362 Quae
2380 2309 2503 2350 cum

226 2396 298 2451 ita
344 2395 457 2451 sint
499 2408 640 2450 casu
667 2393 806 2447 data
841 2394 900 2448 in
930 2394 1192 2450 virtulem
1235 2395 1617 2452 trahebantur
1646 2395 1823 2451 minus
1854 2395 2081 2471 proprie
2110 2395 2215 2453 dici
2244 2396 2501 2470 adparet;

225 2497 288 2554 ad
327 2494 563 2571 gloriam
607 2489 906 2567 augendam
948 2495 1242 2569 pertinent,
1289 2514 1447 2570 quem
1483 2498 1551 2553 ad
1584 2498 1802 2554 modum
1842 2499 1909 2555 de
1953 2497 2187 2561 Tiberio,
2234 2497 2328 2571 qui
2363 2497 2504 2571 apud

224 2605 406 2674 patres
455 2595 593 2653 nulli
649 2603 772 2651 ante
817 2597 1183 2654 Romanorum
1233 2598 1471 2656 eiusdem
1542 2599 1746 2672 fastigii
1790 2601 1907 2657 viro
1958 2600 2224 2674 geminam
2279 2599 2505 2673 stirpem

224 2701 421 2758 editam
481 2697 614 2772 quin
657 2697 884 2754 iactaret
933 2716 1046 2754 non
1103 2701 1449 2774 temperavit,
1505 2702 1723 2758 Tacitus
1778 2704 1843 2759 ab
1888 2721 1999 2760 exc.
2044 2703 2097 2760 d.
2137 2703 2273 2777 Aug.
2317 2701 2361 2757 Π
2404 2707 2503 2764 84:

225 2821 356 2859 nam
391 2805 634 2868 cuncta,
694 2801 862 2854 etiam
899 2798 1182 2871 fortuita,
1235 2804 1316 2858 ad
1365 2805 1611 2875 qloriam
1662 2806 1930 2861 vertebat.
2012 2805 2143 2862 Non
2192 2806 2332 2861 bene
2371 2823 2506 2862 ccm-
2571 2797 2583 2808 ’

223 2907 406 2972 sulla,
466 2903 503 2958 i.
555 2919 602 2958 e.
665 2900 920 2957 audacius
971 2909 1029 2958 et
1088 2902 1319 2961 alacrius
1377 2913 1655 2980 suscepta,
1704 2906 1961 2980 quoniam
2004 2905 2298 2980 singularis
2342 2906 2507 2964 animi

224 3005 616 3080 magnitudinis
656 3019 776 3060 esse
821 3003 1101 3067 videntur,
1144 3005 1200 3060 in
1239 3006 1494 3063 virtutem
1537 3007 1841 3069 trahuntur,
1882 3008 1994 3065 sive
2025 3008 2372 3082 inprudentia
2404 3025 2507 3082 pro

231 3109 434 3164 virtute
480 3106 730 3163 habetur.
812 3103 868 3186 Si
919 3105 1048 3164 talia
1089 3106 1238 3172 forte
1280 3108 1669 3183 conriguntur,
1728 3108 1959 3184 gloriam
2004 3127 2105 3183 pro
2158 3108 2318 3183 culpa
2362 3109 2507 3164 inve-

227 3211 401 3273 niunt,
447 3215 512 3266 ut
558 3208 676 3281 ipse
717 3205 844 3262 Sall.
891 3213 976 3271 94,
1018 3214 1047 3270 7
1093 3209 1241 3272 dicit,
1288 3217 1373 3266 set
1401 3210 1615 3267 etiamsi
1654 3211 1871 3266 fortuna
1917 3228 2025 3267 non
2069 3209 2279 3272 faverit,
2328 3218 2505 3267 tamen

226 3311 416 3367 virtuti
461 3308 780 3366 tribuuntur
819 3309 885 3365 ab
926 3309 1090 3385 volgo
1129 3310 1384 3385 inperito.
1475 3311 1621 3380 Quae
1673 3313 1748 3369 ita
1804 3312 2051 3388 intellegi
2095 3312 2292 3376 nolim,
2331 3313 2509 3387 quasi

230 3413 450 3468 omnino
488 3427 630 3467 casa
671 3411 812 3467 data
854 3411 914 3466 in
957 3413 1222 3468 virtutem
1266 3413 1651 3470 trahebantur
1678 3414 1784 3471 diei
1814 3415 2063 3490 potuisse
2096 3433 2307 3491 negem,
2340 3433 2508 3472 unum

229 3513 358 3570 illud
415 3513 676 3587 adparere
732 3519 901 3585 puto,
961 3521 1174 3570 tantum
1217 3515 1434 3579 abesse,
1495 3524 1557 3572 ut
1615 3515 1901 3574 Sallustius
1955 3537 2178 3593 zeugma
2230 3518 2511 3577 admisisse

228 3615 502 3690 putandus
542 3613 630 3675 sit,
669 3631 791 3670 cum
834 3632 897 3697 ex
930 3632 1014 3678 ec,
1062 3616 1208 3688 quod
1239 3633 1364 3673 vere
1409 3618 1474 3673 ad
1514 3635 1657 3675 casu
1690 3621 1827 3677 data
1858 3620 2034 3677 solum
2078 3621 2272 3678 referri
2302 3611 2508 3695 posset,

229 3718 290 3773 ad
331 3716 490 3791 prius
533 3715 834 3771 communis
880 3716 1036 3773 notio
1063 3719 1309 3790 ylariam
1351 3721 1638 3792 auqebant
1682 3721 1927 3796 intellegi
1970 3723 2221 3786 voluerit,
2266 3731 2329 3779 ut
2366 3721 2511 3796 quod

229 3817 400 3892 priori
459 3824 684 3892 optume
740 3817 1080 3882 conveniret,
1137 3819 1302 3877 etiam
1356 3839 1478 3878 cum
1540 3822 1713 3880 Altero
1770 3826 1947 3881 minus
1994 3820 2218 3902 proprie
2272 3823 2510 3880 iunxisse

230 3920 528 3976 censendus
565 3919 654 3974 sit.
745 3919 878 3974 Tum
934 3919 1261 3994 scriptorem
1322 3923 1388 3979 de
1450 3942 1565 3980 non
1606 3926 1745 3981 bene
1788 3928 2061 3983 consultis
2106 3932 2317 3982 tantum
2360 3925 2512 3997 cogi-

233 4027 370 4078 tasse
413 4028 658 4077 extrema
700 4020 866 4077 verba
905 4022 1229 4079 ostendunt:
1277 4027 1515 4082 credere
1558 4027 1645 4082 illi
1684 4033 1788 4082 aut
1828 4033 2065 4082 mentem
2105 4028 2357 4096 divinam
2376 4041 2512 4095 esse

234 4129 328 4178 aut
370 4125 609 4179 deorum
647 4129 790 4179 nutu
825 4131 1034 4179 cuncta
1069 4127 1342 4196 portendi
1352 4147 1371 4186 ;
1411 4127 1467 4181 in
1503 4126 1701 4200 quibus
1737 4129 2012 4199 portendi
2044 4145 2165 4184 esse
2205 4129 2388 4184 futura
2430 4128 2513 4182 iu·

234 4224 394 4282 dicari
436 4232 696 4282 constans
741 4224 858 4282 citis
905 4242 1037 4282 usus
1079 4227 1420 4284 demonstrat
1464 4227 1583 4300 (cfr.
1628 4228 1742 4285 Cat.
1774 4234 1857 4292 47,
1898 4235 1947 4287 2.
1994 4229 2107 4302 lug.
2140 4236 2189 4292 3,
2220 4235 2270 4286 2.
2310 4236 2395 4292 63,
2430 4228 2512 4302 l);

236 4325 698 4400 diligentissumus
764 4327 966 4403 quippe
1023 4335 1110 4384 est
1157 4328 1220 4408 in⁴
1270 4327 1472 4396 talibus
1537 4330 1780 4404 periodis
1830 4330 1905 4387 ita
1958 4331 2392 4396 conformandiS,
2452 4337 2515 4388 ut

2526 1348 2553 1370 b
