<?xml version="1.0" encoding="UTF-8"?>
<!DOCTYPE html PUBLIC "-//W3C//DTD XHTML 1.0 Transitional//EN"
    "http://www.w3.org/TR/xhtml1/DTD/xhtml1-transitional.dtd">
<html xmlns="http://www.w3.org/1999/xhtml" xml:lang="en" lang="en">
 <head>
  <title>
</title>
<meta http-equiv="Content-Type" content="text/html;charset=utf-8" />
  <meta name='ocr-system' content='tesseract 3.04.00' />
  <meta name='ocr-capabilities' content='ocr_page ocr_carea ocr_par ocr_line ocrx_word'/>
</head>
<body>
  <div class='ocr_page' id='page_1' title='image "./gaisallusticris00dietgoog_0069.png"; bbox 0 0 3042 4917; ppageno 0'>
   <div class='ocr_carea' id='block_1_1' title="bbox 24 2257 74 2376">
    <p class='ocr_par' dir='ltr' id='par_1_1' title="bbox 24 2257 74 2376">
     <span class='ocr_line' id='line_1_1' title="bbox 24 2257 74 2376; baseline 0 -102"><span class='ocrx_word' id='word_1_1' title='bbox 24 2303 29 2376; x_wconf 44' lang='lat'>!</span> <span class='ocrx_word' id='word_1_2' title='bbox 65 2257 74 2274; x_wconf 85' lang='grc'><strong>.</strong></span> 
     </span>
    </p>
   </div>
   <div class='ocr_carea' id='block_1_2' title="bbox 891 287 2513 352">
    <p class='ocr_par' dir='ltr' id='par_1_2' title="bbox 891 287 2513 352">
     <span class='ocr_line' id='line_1_2' title="bbox 891 287 2513 352; baseline -0.004 0"><span class='ocrx_word' id='word_1_3' title='bbox 891 307 1502 352; x_wconf 62' lang='lat' dir='ltr'>conunn‘rxrmuuu</span> <span class='ocrx_word' id='word_1_4' title='bbox 1531 307 1687 350; x_wconf 60' lang='lat' dir='ltr'>aar.</span> <span class='ocrx_word' id='word_1_5' title='bbox 1732 307 1818 349; x_wconf 73' lang='grc' dir='ltr'>ιν.</span> <span class='ocrx_word' id='word_1_6' title='bbox 2418 287 2513 347; x_wconf 82' lang='grc'>55.</span> 
     </span>
    </p>
   </div>
   <div class='ocr_carea' id='block_1_3' title="bbox 178 455 2536 3898">
    <p class='ocr_par' dir='ltr' id='par_1_3' title="bbox 178 455 2536 3898">
     <span class='ocr_line' id='line_1_3' title="bbox 203 455 2496 538; baseline -0.003 -15"><span class='ocrx_word' id='word_1_7' title='bbox 203 469 400 523; x_wconf 80' lang='lat' dir='ltr'>tilinae</span> <span class='ocrx_word' id='word_1_8' title='bbox 447 467 664 523; x_wconf 75' lang='lat' dir='ltr'>habere</span> <span class='ocrx_word' id='word_1_9' title='bbox 704 455 933 522; x_wconf 75' lang='lat' dir='ltr'>deberet</span> <span class='ocrx_word' id='word_1_10' title='bbox 947 508 963 533; x_wconf 91' lang='lat'><strong><em>‚</em></strong></span> <span class='ocrx_word' id='word_1_11' title='bbox 1007 467 1060 521; x_wconf 78' lang='lat' dir='ltr'>si</span> <span class='ocrx_word' id='word_1_12' title='bbox 1093 469 1320 538; x_wconf 79' lang='lat' dir='ltr'>peteret</span> <span class='ocrx_word' id='word_1_13' title='bbox 1334 487 1352 521; x_wconf 87' lang='lat'>.-</span> <span class='ocrx_word' id='word_1_14' title='bbox 1411 481 1547 520; x_wconf 86' lang='lat' dir='ltr'>nam</span> <span class='ocrx_word' id='word_1_15' title='bbox 1590 463 1979 534; x_wconf 77' lang='lat' dir='ltr'>quaerebatur</span> <span class='ocrx_word' id='word_1_16' title='bbox 2020 463 2496 532; x_wconf 77' lang='lat' dir='ltr'>repetundarum.</span> 
     </span>
     <span class='ocr_line' id='line_1_4' title="bbox 204 563 2536 637; baseline -0.003 -12"><span class='ocrx_word' id='word_1_17' title='bbox 204 570 453 625; x_wconf 80' lang='lat' dir='ltr'><em>Catilina</em></span> <span class='ocrx_word' id='word_1_18' title='bbox 497 570 564 625; x_wconf 82' lang='lat' dir='ltr'>ob</span> <span class='ocrx_word' id='word_1_19' title='bbox 609 585 736 625; x_wconf 86' lang='lat' dir='ltr'>eam</span> <span class='ocrx_word' id='word_1_20' title='bbox 761 584 1028 625; x_wconf 82' lang='lat' dir='ltr'>caussam</span> <span class='ocrx_word' id='word_1_21' title='bbox 1072 568 1286 624; x_wconf 80' lang='lat' dir='ltr'>destitit</span> <span class='ocrx_word' id='word_1_22' title='bbox 1320 568 1591 637; x_wconf 81' lang='lat' dir='ltr'>petitione</span> <span class='ocrx_word' id='word_1_23' title='bbox 1630 563 1812 637; x_wconf 87' lang='lat' dir='ltr'>(addas</span> <span class='ocrx_word' id='word_1_24' title='bbox 1856 563 1903 620; x_wconf 91' lang='lat' dir='ltr'>si</span> <span class='ocrx_word' id='word_1_25' title='bbox 1942 564 2079 620; x_wconf 87' lang='lat' dir='ltr'>tanti</span> <span class='ocrx_word' id='word_1_26' title='bbox 2126 563 2497 621; x_wconf 86' lang='lat' dir='ltr'>testimonium</span> <span class='ocrx_word' id='word_1_27' title='bbox 2521 567 2536 582; x_wconf 82' lang='lat'><strong><em>&#39;</em></strong></span> 
     </span>
     <span class='ocr_line' id='line_1_5' title="bbox 200 649 2495 748; baseline -0.003 -20"><span class='ocrx_word' id='word_1_28' title='bbox 200 671 352 728; x_wconf 87' lang='lat' dir='ltr'>Cassi</span> <span class='ocrx_word' id='word_1_29' title='bbox 393 671 582 728; x_wconf 83' lang='lat' dir='ltr'>Dionis</span> <span class='ocrx_word' id='word_1_30' title='bbox 619 677 704 734; x_wconf 85' lang='lat'>36,</span> <span class='ocrx_word' id='word_1_31' title='bbox 750 676 817 730; x_wconf 73' lang='lat'>27</span> <span class='ocrx_word' id='word_1_32' title='bbox 864 655 1070 748; x_wconf 79' lang='grc' dir='ltr'><strong><em>ᾐτήκει</em></strong></span> <span class='ocrx_word' id='word_1_33' title='bbox 1101 661 1166 724; x_wconf 79' lang='grc' dir='ltr'>δὲ</span> <span class='ocrx_word' id='word_1_34' title='bbox 1193 661 1296 722; x_wconf 74' lang='grc' dir='ltr'>καὶ</span> <span class='ocrx_word' id='word_1_35' title='bbox 1331 654 1509 736; x_wconf 75' lang='grc' dir='ltr'><strong><em>αὐτὸς</em></strong></span> <span class='ocrx_word' id='word_1_36' title='bbox 1546 653 1659 742; x_wconf 66' lang='grc' dir='ltr'>τὴν</span> <span class='ocrx_word' id='word_1_37' title='bbox 1698 651 1889 742; x_wconf 67' lang='grc' dir='ltr'><strong><em>ἀρχὴν</em></strong></span> <span class='ocrx_word' id='word_1_38' title='bbox 1928 658 2029 720; x_wconf 79' lang='grc' dir='ltr'>καὶ</span> <span class='ocrx_word' id='word_1_39' title='bbox 2058 652 2159 721; x_wconf 66' lang='lat' dir='ltr'>dte}</span> <span class='ocrx_word' id='word_1_40' title='bbox 2186 661 2359 722; x_wconf 77' lang='grc' dir='ltr'><strong>τοῦτο</strong></span> <span class='ocrx_word' id='word_1_41' title='bbox 2394 649 2495 736; x_wconf 79' lang='grc' dir='ltr'>ὄρ-</span> 
     </span>
     <span class='ocr_line' id='line_1_6' title="bbox 197 761 2497 849; baseline -0.002 -20"><span class='ocrx_word' id='word_1_42' title='bbox 197 761 313 849; x_wconf 79' lang='grc' dir='ltr'>γὴν</span> <span class='ocrx_word' id='word_1_43' title='bbox 343 767 648 848; x_wconf 77' lang='grc' dir='ltr'><strong>ἐποιεῖτο).</strong></span> <span class='ocrx_word' id='word_1_44' title='bbox 733 771 880 844; x_wconf 81' lang='lat' dir='ltr'>Ergo</span> <span class='ocrx_word' id='word_1_45' title='bbox 909 771 1014 828; x_wconf 90' lang='lat' dir='ltr'>hoc</span> <span class='ocrx_word' id='word_1_46' title='bbox 1055 779 1274 828; x_wconf 84' lang='lat' dir='ltr'>constat</span> <span class='ocrx_word' id='word_1_47' title='bbox 1317 769 1599 826; x_wconf 81' lang='lat' dir='ltr'><strong>Catilinam</strong></span> <span class='ocrx_word' id='word_1_48' title='bbox 1653 787 1699 826; x_wconf 89' lang='lat' dir='ltr'>a.</span> <span class='ocrx_word' id='word_1_49' title='bbox 1742 776 1813 831; x_wconf 81' lang='lat'>66</span> <span class='ocrx_word' id='word_1_50' title='bbox 1869 785 1979 842; x_wconf 89' lang='lat' dir='ltr'>quo</span> <span class='ocrx_word' id='word_1_51' title='bbox 2022 769 2201 824; x_wconf 86' lang='lat' dir='ltr'>minus</span> <span class='ocrx_word' id='word_1_52' title='bbox 2241 765 2497 826; x_wconf 83' lang='lat' dir='ltr'>consula·-</span> 
     </span>
     <span class='ocr_line' id='line_1_7' title="bbox 199 871 2493 950; baseline -0.003 -18"><span class='ocrx_word' id='word_1_53' title='bbox 199 885 314 932; x_wconf 88' lang='lat' dir='ltr'>tum</span> <span class='ocrx_word' id='word_1_54' title='bbox 361 883 578 950; x_wconf 88' lang='lat' dir='ltr'>peteret</span> <span class='ocrx_word' id='word_1_55' title='bbox 618 873 956 948; x_wconf 88' lang='lat' dir='ltr'>prohibitum</span> <span class='ocrx_word' id='word_1_56' title='bbox 989 873 1186 934; x_wconf 81' lang='lat' dir='ltr'>fuisse,</span> <span class='ocrx_word' id='word_1_57' title='bbox 1245 871 1378 928; x_wconf 89' lang='lat' dir='ltr'>illud</span> <span class='ocrx_word' id='word_1_58' title='bbox 1417 872 1643 928; x_wconf 86' lang='lat' dir='ltr'>dubium</span> <span class='ocrx_word' id='word_1_59' title='bbox 1689 879 1775 928; x_wconf 87' lang='lat' dir='ltr'>est</span> <span class='ocrx_word' id='word_1_60' title='bbox 1818 890 1929 945; x_wconf 90' lang='lat' dir='ltr'>quo</span> <span class='ocrx_word' id='word_1_61' title='bbox 1960 871 2079 928; x_wconf 91' lang='lat' dir='ltr'>iure</span> <span class='ocrx_word' id='word_1_62' title='bbox 2117 879 2173 926; x_wconf 90' lang='lat' dir='ltr'>et</span> <span class='ocrx_word' id='word_1_63' title='bbox 2216 887 2374 944; x_wconf 87' lang='lat' dir='ltr'>quam</span> <span class='ocrx_word' id='word_1_64' title='bbox 2422 871 2493 926; x_wconf 88' lang='lat' dir='ltr'>cb</span> 
     </span>
     <span class='ocr_line' id='line_1_8' title="bbox 195 972 2493 1048; baseline -0.002 -15"><span class='ocrx_word' id='word_1_65' title='bbox 195 994 478 1040; x_wconf 81' lang='lat' dir='ltr'>caussam3</span> <span class='ocrx_word' id='word_1_66' title='bbox 533 976 588 1031; x_wconf 91' lang='lat' dir='ltr'>in</span> <span class='ocrx_word' id='word_1_67' title='bbox 645 993 755 1048; x_wconf 89' lang='lat' dir='ltr'>quo</span> <span class='ocrx_word' id='word_1_68' title='bbox 801 993 968 1031; x_wconf 85' lang='lat' dir='ltr'>unum</span> <span class='ocrx_word' id='word_1_69' title='bbox 1013 983 1222 1030; x_wconf 90' lang='lat' dir='ltr'>certum</span> <span class='ocrx_word' id='word_1_70' title='bbox 1269 975 1326 1028; x_wconf 93' lang='lat' dir='ltr'>L.</span> <span class='ocrx_word' id='word_1_71' title='bbox 1377 973 1679 1030; x_wconf 88' lang='lat' dir='ltr'>Volcatium</span> <span class='ocrx_word' id='word_1_72' title='bbox 1722 973 1841 1030; x_wconf 90' lang='lat' dir='ltr'>eius</span> <span class='ocrx_word' id='word_1_73' title='bbox 1878 973 2203 1048; x_wconf 79' lang='lat' dir='ltr'>petitionem</span> <span class='ocrx_word' id='word_1_74' title='bbox 2246 989 2357 1028; x_wconf 89' lang='lat' dir='ltr'>non</span> <span class='ocrx_word' id='word_1_75' title='bbox 2400 972 2493 1028; x_wconf 89' lang='lat' dir='ltr'>ad·-</span> 
     </span>
     <span class='ocr_line' id='line_1_9' title="bbox 197 1074 2495 1154; baseline -0.002 -19"><span class='ocrx_word' id='word_1_76' title='bbox 197 1079 500 1135; x_wconf 87' lang='lat' dir='ltr'>missurum</span> <span class='ocrx_word' id='word_1_77' title='bbox 555 1077 755 1140; x_wconf 75' lang='lat' dir='ltr'>fuisse,</span> <span class='ocrx_word' id='word_1_78' title='bbox 815 1077 976 1154; x_wconf 71' lang='lat' dir='ltr'>idque</span> <span class='ocrx_word' id='word_1_79' title='bbox 1021 1074 1236 1133; x_wconf 88' lang='lat' dir='ltr'>consilii</span> <span class='ocrx_word' id='word_1_80' title='bbox 1287 1075 1593 1150; x_wconf 79' lang='lat' dir='ltr'><strong>principum</strong></span> <span class='ocrx_word' id='word_1_81' title='bbox 1658 1075 1893 1131; x_wconf 87' lang='lat' dir='ltr'>civitatis</span> <span class='ocrx_word' id='word_1_82' title='bbox 1944 1074 2271 1131; x_wconf 88' lang='lat' dir='ltr'>auctoritate</span> <span class='ocrx_word' id='word_1_83' title='bbox 2328 1081 2495 1146; x_wconf 88' lang='lat' dir='ltr'>atque</span> 
     </span>
     <span class='ocr_line' id='line_1_10' title="bbox 193 1175 2489 1264; baseline -0.003 -27"><span class='ocrx_word' id='word_1_84' title='bbox 193 1197 490 1237; x_wconf 84' lang='lat' dir='ltr'>consensu.</span> <span class='ocrx_word' id='word_1_85' title='bbox 566 1179 692 1234; x_wconf 85' lang='lat' dir='ltr'>Inde</span> <span class='ocrx_word' id='word_1_86' title='bbox 725 1179 870 1252; x_wconf 89' lang='lat' dir='ltr'>quod</span> <span class='ocrx_word' id='word_1_87' title='bbox 902 1179 1123 1264; x_wconf 69' lang='lat' dir='ltr'>cqnsilii</span> <span class='ocrx_word' id='word_1_88' title='bbox 1146 1178 1363 1247; x_wconf 81' lang='lat' dir='ltr'><strong><em>publici</em></strong></span> <span class='ocrx_word' id='word_1_89' title='bbox 1402 1177 1623 1233; x_wconf 85' lang='lat' dir='ltr'>nomine</span> <span class='ocrx_word' id='word_1_90' title='bbox 1664 1185 1913 1252; x_wconf 88' lang='lat' dir='ltr'>putatum</span> <span class='ocrx_word' id='word_1_91' title='bbox 1958 1185 2045 1232; x_wconf 92' lang='lat' dir='ltr'>est</span> <span class='ocrx_word' id='word_1_92' title='bbox 2080 1184 2327 1234; x_wconf 85' lang='lat' dir='ltr'>senatum</span> <span class='ocrx_word' id='word_1_93' title='bbox 2366 1175 2489 1237; x_wconf 88' lang='lat' dir='ltr'>dici,</span> 
     </span>
     <span class='ocr_line' id='line_1_11' title="bbox 193 1277 2490 1344; baseline -0.003 -6"><span class='ocrx_word' id='word_1_94' title='bbox 193 1283 240 1338; x_wconf 90' lang='lat' dir='ltr'>is</span> <span class='ocrx_word' id='word_1_95' title='bbox 285 1297 454 1338; x_wconf 87' lang='lat' dir='ltr'>error</span> <span class='ocrx_word' id='word_1_96' title='bbox 499 1280 726 1336; x_wconf 67' lang='lat' dir='ltr'>obtusus</span> <span class='ocrx_word' id='word_1_97' title='bbox 779 1287 868 1336; x_wconf 84' lang='lat' dir='ltr'>est·</span> <span class='ocrx_word' id='word_1_98' title='bbox 905 1279 1122 1344; x_wconf 86' lang='lat' dir='ltr'>multis,</span> <span class='ocrx_word' id='word_1_99' title='bbox 1179 1286 1242 1335; x_wconf 90' lang='lat' dir='ltr'>ut</span> <span class='ocrx_word' id='word_1_100' title='bbox 1285 1277 1458 1334; x_wconf 89' lang='lat' dir='ltr'>senati</span> <span class='ocrx_word' id='word_1_101' title='bbox 1492 1279 1713 1335; x_wconf 86' lang='lat' dir='ltr'>decreto</span> <span class='ocrx_word' id='word_1_102' title='bbox 1758 1277 1894 1334; x_wconf 88' lang='lat' dir='ltr'>illud</span> <span class='ocrx_word' id='word_1_103' title='bbox 1938 1279 2140 1334; x_wconf 79' lang='lat' dir='ltr'>factum</span> <span class='ocrx_word' id='word_1_104' title='bbox 2198 1295 2319 1334; x_wconf 89' lang='lat' dir='ltr'>esse</span> <span class='ocrx_word' id='word_1_105' title='bbox 2360 1294 2490 1334; x_wconf 89' lang='lat' dir='ltr'>con-</span> 
     </span>
     <span class='ocr_line' id='line_1_12' title="bbox 193 1377 2489 1454; baseline -0.002 -15"><span class='ocrx_word' id='word_1_106' title='bbox 193 1383 490 1439; x_wconf 80' lang='lat' dir='ltr'>tenderent</span> <span class='ocrx_word' id='word_1_107' title='bbox 533 1380 655 1453; x_wconf 86' lang='lat' dir='ltr'>(vid.</span> <span class='ocrx_word' id='word_1_108' title='bbox 703 1380 870 1438; x_wconf 84' lang='lat' dir='ltr'><strong>Halm.</strong></span> <span class='ocrx_word' id='word_1_109' title='bbox 911 1381 976 1437; x_wconf 91' lang='lat' dir='ltr'>ad</span> <span class='ocrx_word' id='word_1_110' title='bbox 1015 1380 1119 1437; x_wconf 87' lang='lat' dir='ltr'>Cic.</span> <span class='ocrx_word' id='word_1_111' title='bbox 1167 1398 1249 1454; x_wconf 91' lang='lat' dir='ltr'>pr.</span> <span class='ocrx_word' id='word_1_112' title='bbox 1283 1378 1416 1436; x_wconf 85' lang='lat' dir='ltr'>Sull.</span> <span class='ocrx_word' id='word_1_113' title='bbox 1445 1387 1494 1443; x_wconf 82' lang='lat'>4,</span> <span class='ocrx_word' id='word_1_114' title='bbox 1525 1387 1607 1441; x_wconf 85' lang='lat'>13.</span> <span class='ocrx_word' id='word_1_115' title='bbox 1654 1380 1840 1453; x_wconf 80' lang='lat' dir='ltr'>Hagen</span> <span class='ocrx_word' id='word_1_116' title='bbox 1882 1379 2035 1436; x_wconf 87' lang='lat' dir='ltr'>Catil.</span> <span class='ocrx_word' id='word_1_117' title='bbox 2079 1398 2132 1453; x_wconf 89' lang='lat' dir='ltr'>p.</span> <span class='ocrx_word' id='word_1_118' title='bbox 2174 1378 2283 1451; x_wconf 79' lang='lat'><strong>82).</strong></span> <span class='ocrx_word' id='word_1_119' title='bbox 2352 1377 2489 1446; x_wconf 84' lang='lat' dir='ltr'>Quid</span> 
     </span>
     <span class='ocr_line' id='line_1_13' title="bbox 191 1477 2489 1555; baseline -0.002 -14"><span class='ocrx_word' id='word_1_120' title='bbox 191 1477 379 1542; x_wconf 84' lang='lat' dir='ltr'>autem</span> <span class='ocrx_word' id='word_1_121' title='bbox 425 1489 689 1544; x_wconf 88' lang='lat' dir='ltr'>senatum,</span> <span class='ocrx_word' id='word_1_122' title='bbox 736 1500 858 1539; x_wconf 89' lang='lat' dir='ltr'>cum</span> <span class='ocrx_word' id='word_1_123' title='bbox 902 1482 1140 1538; x_wconf 81' lang='lat' dir='ltr'>Africani</span> <span class='ocrx_word' id='word_1_124' title='bbox 1199 1488 1445 1538; x_wconf 85' lang='lat' dir='ltr'>oratores</span> <span class='ocrx_word' id='word_1_125' title='bbox 1499 1483 1567 1538; x_wconf 90' lang='lat' dir='ltr'>de</span> <span class='ocrx_word' id='word_1_126' title='bbox 1612 1482 1838 1538; x_wconf 85' lang='lat' dir='ltr'>Catilina</span> <span class='ocrx_word' id='word_1_127' title='bbox 1892 1482 2131 1555; x_wconf 82' lang='lat' dir='ltr'>graviter</span> <span class='ocrx_word' id='word_1_128' title='bbox 2176 1481 2355 1554; x_wconf 83' lang='lat' dir='ltr'>questi</span> <span class='ocrx_word' id='word_1_129' title='bbox 2406 1498 2489 1536; x_wconf 89' lang='lat' dir='ltr'>es-</span> 
     </span>
     <span class='ocr_line' id='line_1_14' title="bbox 193 1583 2485 1657; baseline -0.002 -15"><span class='ocrx_word' id='word_1_130' title='bbox 193 1595 334 1649; x_wconf 84' lang='lat' dir='ltr'>sent,</span> <span class='ocrx_word' id='word_1_131' title='bbox 381 1584 688 1641; x_wconf 86' lang='lat' dir='ltr'>decrevisse</span> <span class='ocrx_word' id='word_1_132' title='bbox 729 1584 840 1640; x_wconf 89' lang='lat' dir='ltr'>veri</span> <span class='ocrx_word' id='word_1_133' title='bbox 884 1583 1060 1640; x_wconf 88' lang='lat' dir='ltr'>simile</span> <span class='ocrx_word' id='word_1_134' title='bbox 1101 1591 1202 1646; x_wconf 90' lang='lat' dir='ltr'>est,</span> <span class='ocrx_word' id='word_1_135' title='bbox 1251 1584 1397 1657; x_wconf 88' lang='lat' dir='ltr'>quod</span> <span class='ocrx_word' id='word_1_136' title='bbox 1438 1583 1600 1639; x_wconf 88' lang='lat' dir='ltr'>simul</span> <span class='ocrx_word' id='word_1_137' title='bbox 1644 1584 1700 1640; x_wconf 89' lang='lat' dir='ltr'>in</span> <span class='ocrx_word' id='word_1_138' title='bbox 1739 1583 2021 1640; x_wconf 85' lang='lat' dir='ltr'>Catilinam</span> <span class='ocrx_word' id='word_1_139' title='bbox 2066 1583 2485 1657; x_wconf 83' lang='lat' dir='ltr'>ignominiosum</span> 
     </span>
     <span class='ocr_line' id='line_1_15' title="bbox 192 1664 2489 1761; baseline 0 -17"><span class='ocrx_word' id='word_1_140' title='bbox 192 1697 341 1744; x_wconf 91' lang='lat' dir='ltr'>esset</span> <span class='ocrx_word' id='word_1_141' title='bbox 387 1694 447 1742; x_wconf 90' lang='lat' dir='ltr'>et</span> <span class='ocrx_word' id='word_1_142' title='bbox 484 1685 762 1760; x_wconf 74' lang='lat' dir='ltr'>precibus,</span> <span class='ocrx_word' id='word_1_143' title='bbox 783 1683 1040 1741; x_wconf 82' lang='lat' dir='ltr'>Afroruin</span> <span class='ocrx_word' id='word_1_144' title='bbox 1085 1685 1216 1742; x_wconf 87' lang='lat' dir='ltr'>satis</span> <span class='ocrx_word' id='word_1_145' title='bbox 1252 1686 1492 1742; x_wconf 81' lang='lat' dir='ltr'>faceret?</span> <span class='ocrx_word' id='word_1_146' title='bbox 1567 1685 1828 1754; x_wconf 83' lang='lat' dir='ltr'>Quoniam</span> <span class='ocrx_word' id='word_1_147' title='bbox 1872 1685 1978 1742; x_wconf 89' lang='lat' dir='ltr'>Cic.</span> <span class='ocrx_word' id='word_1_148' title='bbox 2024 1703 2107 1761; x_wconf 89' lang='lat' dir='ltr'>pr.</span> <span class='ocrx_word' id='word_1_149' title='bbox 2146 1664 2307 1742; x_wconf 26' lang='lat' dir='ltr'>Cael..</span> <span class='ocrx_word' id='word_1_150' title='bbox 2330 1691 2382 1747; x_wconf 87' lang='lat'>4,</span> <span class='ocrx_word' id='word_1_151' title='bbox 2422 1692 2489 1744; x_wconf 91' lang='grc'>10</span> 
     </span>
     <span class='ocr_line' id='line_1_16' title="bbox 192 1785 2485 1862; baseline -0.002 -18"><span class='ocrx_word' id='word_1_152' title='bbox 192 1789 484 1846; x_wconf 82' lang='lat' dir='ltr'>Catilinam</span> <span class='ocrx_word' id='word_1_153' title='bbox 527 1804 586 1843; x_wconf 90' lang='lat' dir='ltr'>se</span> <span class='ocrx_word' id='word_1_154' title='bbox 627 1794 881 1861; x_wconf 87' lang='lat' dir='ltr'>praetore</span> <span class='ocrx_word' id='word_1_155' title='bbox 937 1785 1173 1843; x_wconf 75' lang='lat' dir='ltr'>Africam</span> <span class='ocrx_word' id='word_1_156' title='bbox 1227 1786 1529 1844; x_wconf 86' lang='lat' dir='ltr'>obtinuisse</span> <span class='ocrx_word' id='word_1_157' title='bbox 1584 1787 1821 1844; x_wconf 87' lang='lat' dir='ltr'>narravit</span> <span class='ocrx_word' id='word_1_158' title='bbox 1877 1789 2108 1862; x_wconf 85' lang='lat' dir='ltr'>indeque</span> <span class='ocrx_word' id='word_1_159' title='bbox 2152 1787 2364 1844; x_wconf 89' lang='lat' dir='ltr'>etiamsi</span> <span class='ocrx_word' id='word_1_160' title='bbox 2402 1785 2485 1840; x_wconf 90' lang='lat' dir='ltr'>Ci-</span> 
     </span>
     <span class='ocr_line' id='line_1_17' title="bbox 191 1888 2485 1963; baseline -0.002 -16"><span class='ocrx_word' id='word_1_161' title='bbox 191 1907 454 1947; x_wconf 85' lang='lat' dir='ltr'>ceronem</span> <span class='ocrx_word' id='word_1_162' title='bbox 497 1896 595 1944; x_wconf 85' lang='lat' dir='ltr'>aut</span> <span class='ocrx_word' id='word_1_163' title='bbox 635 1888 812 1944; x_wconf 86' lang='lat' dir='ltr'>miuus</span> <span class='ocrx_word' id='word_1_164' title='bbox 861 1905 986 1944; x_wconf 90' lang='lat' dir='ltr'>vere</span> <span class='ocrx_word' id='word_1_165' title='bbox 1041 1896 1135 1944; x_wconf 88' lang='lat' dir='ltr'>aut</span> <span class='ocrx_word' id='word_1_166' title='bbox 1179 1906 1370 1962; x_wconf 88' lang='lat' dir='ltr'>parum</span> <span class='ocrx_word' id='word_1_167' title='bbox 1413 1888 1706 1963; x_wconf 82' lang='lat' dir='ltr'>diligenter</span> <span class='ocrx_word' id='word_1_168' title='bbox 1743 1889 1943 1945; x_wconf 79' lang='lat' dir='ltr'>dixisse</span> <span class='ocrx_word' id='word_1_169' title='bbox 1984 1890 2267 1950; x_wconf 76' lang='lat' dir='ltr'>concedas,</span> <span class='ocrx_word' id='word_1_170' title='bbox 2304 1897 2485 1944; x_wconf 88' lang='lat' dir='ltr'>tamen</span> 
     </span>
     <span class='ocr_line' id='line_1_18' title="bbox 190 1988 2485 2065; baseline -0.002 -17"><span class='ocrx_word' id='word_1_171' title='bbox 190 1991 577 2049; x_wconf 86' lang='lat' dir='ltr'>coniciundum</span> <span class='ocrx_word' id='word_1_172' title='bbox 613 1989 825 2046; x_wconf 87' lang='lat' dir='ltr'>videtur</span> <span class='ocrx_word' id='word_1_173' title='bbox 861 1988 1010 2046; x_wconf 88' lang='lat' dir='ltr'>illum</span> <span class='ocrx_word' id='word_1_174' title='bbox 1045 2008 1342 2046; x_wconf 81' lang='lat' dir='ltr'>maxumam</span> <span class='ocrx_word' id='word_1_175' title='bbox 1371 1992 1496 2047; x_wconf 88' lang='lat' dir='ltr'>anni</span> <span class='ocrx_word' id='word_1_176' title='bbox 1539 1999 1749 2065; x_wconf 87' lang='lat' dir='ltr'>partem</span> <span class='ocrx_word' id='word_1_177' title='bbox 1794 1991 1849 2046; x_wconf 88' lang='lat' dir='ltr'>in</span> <span class='ocrx_word' id='word_1_178' title='bbox 1887 1990 2067 2046; x_wconf 81' lang='lat' dir='ltr'>Africa</span> <span class='ocrx_word' id='word_1_179' title='bbox 2108 1990 2293 2052; x_wconf 86' lang='lat' dir='ltr'>fuisse,</span> <span class='ocrx_word' id='word_1_180' title='bbox 2328 1989 2485 2045; x_wconf 78' lang='lat' dir='ltr'>facile</span> 
     </span>
     <span class='ocr_line' id='line_1_19' title="bbox 191 2090 2481 2168; baseline -0.002 -18"><span class='ocrx_word' id='word_1_181' title='bbox 191 2093 396 2168; x_wconf 88' lang='lat' dir='ltr'>aliquis</span> <span class='ocrx_word' id='word_1_182' title='bbox 453 2093 510 2149; x_wconf 91' lang='lat' dir='ltr'>in</span> <span class='ocrx_word' id='word_1_183' title='bbox 561 2093 699 2147; x_wconf 89' lang='lat' dir='ltr'>hanc</span> <span class='ocrx_word' id='word_1_184' title='bbox 751 2090 1073 2147; x_wconf 89' lang='lat' dir='ltr'>sententiam</span> <span class='ocrx_word' id='word_1_185' title='bbox 1123 2092 1311 2149; x_wconf 85' lang='lat' dir='ltr'>adduci</span> <span class='ocrx_word' id='word_1_186' title='bbox 1371 2093 1579 2166; x_wconf 88' lang='lat' dir='ltr'>possit:</span> <span class='ocrx_word' id='word_1_187' title='bbox 1642 2101 1865 2149; x_wconf 89' lang='lat' dir='ltr'>senatus</span> <span class='ocrx_word' id='word_1_188' title='bbox 1920 2091 2229 2148; x_wconf 85' lang='lat' dir='ltr'>consultum</span> <span class='ocrx_word' id='word_1_189' title='bbox 2281 2093 2481 2147; x_wconf 81' lang='lat' dir='ltr'>sactum</span> 
     </span>
     <span class='ocr_line' id='line_1_20' title="bbox 181 2173 2482 2258; baseline -0.002 -6"><span class='ocrx_word' id='word_1_190' title='bbox 181 2173 314 2252; x_wconf 35' lang='lat' dir='ltr'>‘esse</span> <span class='ocrx_word' id='word_1_191' title='bbox 335 2203 402 2250; x_wconf 87' lang='lat' dir='ltr'>ut</span> <span class='ocrx_word' id='word_1_192' title='bbox 449 2194 498 2249; x_wconf 91' lang='lat' dir='ltr'>ei</span> <span class='ocrx_word' id='word_1_193' title='bbox 543 2193 939 2250; x_wconf 82' lang='lat' dir='ltr'>succederetur.</span> <span class='ocrx_word' id='word_1_194' title='bbox 1014 2194 1084 2248; x_wconf 88' lang='lat' dir='ltr'>At</span> <span class='ocrx_word' id='word_1_195' title='bbox 1122 2192 1167 2248; x_wconf 94' lang='lat' dir='ltr'>si</span> <span class='ocrx_word' id='word_1_196' title='bbox 1207 2193 1260 2249; x_wconf 90' lang='lat' dir='ltr'>id</span> <span class='ocrx_word' id='word_1_197' title='bbox 1291 2194 1490 2250; x_wconf 83' lang='lat' dir='ltr'>factum</span> <span class='ocrx_word' id='word_1_198' title='bbox 1521 2195 1732 2258; x_wconf 82' lang='lat' dir='ltr'>fuisset,</span> <span class='ocrx_word' id='word_1_199' title='bbox 1766 2192 2079 2250; x_wconf 86' lang='lat' dir='ltr'>admirabile</span> <span class='ocrx_word' id='word_1_200' title='bbox 2121 2201 2271 2250; x_wconf 91' lang='lat' dir='ltr'>certe</span> <span class='ocrx_word' id='word_1_201' title='bbox 2320 2193 2482 2254; x_wconf 86' lang='lat' dir='ltr'>soret,</span> 
     </span>
     <span class='ocr_line' id='line_1_21' title="bbox 190 2293 2483 2371; baseline -0.001 -19"><span class='ocrx_word' id='word_1_202' title='bbox 190 2297 236 2353; x_wconf 88' lang='lat' dir='ltr'>si</span> <span class='ocrx_word' id='word_1_203' title='bbox 269 2297 324 2352; x_wconf 89' lang='lat' dir='ltr'>id</span> <span class='ocrx_word' id='word_1_204' title='bbox 359 2295 552 2352; x_wconf 88' lang='lat' dir='ltr'>Cicero</span> <span class='ocrx_word' id='word_1_205' title='bbox 581 2293 844 2351; x_wconf 88' lang='lat' dir='ltr'>Catilinae</span> <span class='ocrx_word' id='word_1_206' title='bbox 883 2294 1184 2369; x_wconf 86' lang='lat' dir='ltr'>obprobrio</span> <span class='ocrx_word' id='word_1_207' title='bbox 1215 2313 1326 2350; x_wconf 90' lang='lat' dir='ltr'>non</span> <span class='ocrx_word' id='word_1_208' title='bbox 1359 2296 1615 2352; x_wconf 88' lang='lat' dir='ltr'>dedisset.</span> <span class='ocrx_word' id='word_1_209' title='bbox 1698 2298 1877 2370; x_wconf 87' lang='lat' dir='ltr'>Atque</span> <span class='ocrx_word' id='word_1_210' title='bbox 1910 2295 2231 2371; x_wconf 89' lang='lat' dir='ltr'>plerumque</span> <span class='ocrx_word' id='word_1_211' title='bbox 2274 2301 2483 2350; x_wconf 85' lang='lat' dir='ltr'>aestate</span> 
     </span>
     <span class='ocr_line' id='line_1_22' title="bbox 188 2395 2478 2470; baseline -0.002 -15"><span class='ocrx_word' id='word_1_212' title='bbox 188 2401 409 2455; x_wconf 89' lang='lat' dir='ltr'>demum</span> <span class='ocrx_word' id='word_1_213' title='bbox 468 2396 534 2453; x_wconf 91' lang='lat' dir='ltr'>ab</span> <span class='ocrx_word' id='word_1_214' title='bbox 587 2395 880 2470; x_wconf 87' lang='lat' dir='ltr'>provinciis</span> <span class='ocrx_word' id='word_1_215' title='bbox 935 2396 1216 2452; x_wconf 88' lang='lat' dir='ltr'>decessum</span> <span class='ocrx_word' id='word_1_216' title='bbox 1273 2414 1392 2453; x_wconf 92' lang='lat' dir='ltr'>esse</span> <span class='ocrx_word' id='word_1_217' title='bbox 1445 2398 1836 2454; x_wconf 88' lang='lat' dir='ltr'>demonstravit</span> <span class='ocrx_word' id='word_1_218' title='bbox 1892 2399 2073 2456; x_wconf 87' lang='lat' dir='ltr'>Drum.</span> <span class='ocrx_word' id='word_1_219' title='bbox 2130 2397 2164 2452; x_wconf 93' lang='lat' dir='ltr'>l.</span> <span class='ocrx_word' id='word_1_220' title='bbox 2218 2415 2263 2454; x_wconf 88' lang='lat' dir='ltr'>c.</span> <span class='ocrx_word' id='word_1_221' title='bbox 2326 2415 2378 2452; x_wconf 91' lang='lat' dir='ltr'>n.</span> <span class='ocrx_word' id='word_1_222' title='bbox 2428 2401 2478 2455; x_wconf 89' lang='grc'>7.</span> 
     </span>
     <span class='ocr_line' id='line_1_23' title="bbox 189 2497 2481 2572; baseline -0.001 -16"><span class='ocrx_word' id='word_1_223' title='bbox 189 2501 305 2568; x_wconf 79' lang='lat' dir='ltr'>Qua</span> <span class='ocrx_word' id='word_1_224' title='bbox 345 2517 408 2556; x_wconf 88' lang='lat' dir='ltr'>re</span> <span class='ocrx_word' id='word_1_225' title='bbox 453 2497 501 2555; x_wconf 88' lang='lat' dir='ltr'>si</span> <span class='ocrx_word' id='word_1_226' title='bbox 523 2499 684 2572; x_wconf 88' lang='lat' dir='ltr'>&#39;quae</span> <span class='ocrx_word' id='word_1_227' title='bbox 733 2497 930 2554; x_wconf 86' lang='lat' dir='ltr'>tradita</span> <span class='ocrx_word' id='word_1_228' title='bbox 967 2507 1098 2555; x_wconf 86' lang='lat' dir='ltr'>sunt</span> <span class='ocrx_word' id='word_1_229' title='bbox 1141 2505 1356 2561; x_wconf 88' lang='lat' dir='ltr'>teneas,</span> <span class='ocrx_word' id='word_1_230' title='bbox 1403 2498 1537 2554; x_wconf 89' lang='lat' dir='ltr'>nihil</span> <span class='ocrx_word' id='word_1_231' title='bbox 1582 2498 1729 2555; x_wconf 89' lang='lat' dir='ltr'>aliud</span> <span class='ocrx_word' id='word_1_232' title='bbox 1774 2500 1948 2557; x_wconf 87' lang='lat' dir='ltr'>conici</span> <span class='ocrx_word' id='word_1_233' title='bbox 1990 2499 2145 2563; x_wconf 89' lang='lat' dir='ltr'>licet,</span> <span class='ocrx_word' id='word_1_234' title='bbox 2198 2499 2303 2556; x_wconf 88' lang='lat' dir='ltr'>nisi</span> <span class='ocrx_word' id='word_1_235' title='bbox 2346 2498 2481 2554; x_wconf 90' lang='lat' dir='ltr'>tales</span> 
     </span>
     <span class='ocr_line' id='line_1_24' title="bbox 188 2576 2509 2676; baseline -0.001 -18"><span class='ocrx_word' id='word_1_236' title='bbox 188 2601 492 2660; x_wconf 89' lang='lat' dir='ltr'>sententias</span> <span class='ocrx_word' id='word_1_237' title='bbox 521 2601 588 2656; x_wconf 90' lang='lat' dir='ltr'>de</span> <span class='ocrx_word' id='word_1_238' title='bbox 623 2617 690 2654; x_wconf 92' lang='lat' dir='ltr'>eo</span> <span class='ocrx_word' id='word_1_239' title='bbox 734 2576 905 2655; x_wconf 80' lang='lat' dir='ltr'>dictas</span> <span class='ocrx_word' id='word_1_240' title='bbox 945 2617 1081 2662; x_wconf 89' lang='lat' dir='ltr'>esse,</span> <span class='ocrx_word' id='word_1_241' title='bbox 1127 2599 1324 2672; x_wconf 88' lang='lat' dir='ltr'>quibus</span> <span class='ocrx_word' id='word_1_242' title='bbox 1360 2601 1633 2658; x_wconf 84' lang='lat' dir='ltr'>accusatio</span> <span class='ocrx_word' id='word_1_243' title='bbox 1674 2602 2095 2676; x_wconf 87' lang='lat' dir='ltr'>repetundarum</span> <span class='ocrx_word' id='word_1_244' title='bbox 2137 2601 2509 2668; x_wconf 27' lang='lat' dir='ltr'>adiuvaretur-</span> 
     </span>
     <span class='ocr_line' id='line_1_25' title="bbox 187 2700 2477 2786; baseline -0 -27"><span class='ocrx_word' id='word_1_245' title='bbox 187 2704 468 2777; x_wconf 87' lang='lat' dir='ltr'>animique</span> <span class='ocrx_word' id='word_1_246' title='bbox 523 2701 588 2757; x_wconf 88' lang='lat' dir='ltr'>ad</span> <span class='ocrx_word' id='word_1_247' title='bbox 645 2718 762 2756; x_wconf 91' lang='lat' dir='ltr'>eam</span> <span class='ocrx_word' id='word_1_248' title='bbox 807 2700 1192 2758; x_wconf 86' lang='lat' dir='ltr'>instituendam</span> <span class='ocrx_word' id='word_1_249' title='bbox 1241 2701 1637 2775; x_wconf 85' lang='lat' dir='ltr'>instigarentur</span> <span class='ocrx_word' id='word_1_250' title='bbox 1687 2713 1755 2786; x_wconf 79' lang='lat' dir='ltr'>et¹</span> <span class='ocrx_word' id='word_1_251' title='bbox 1794 2703 2262 2760; x_wconf 86' lang='lat' dir='ltr'>confirmarentur.</span> <span class='ocrx_word' id='word_1_252' title='bbox 2344 2702 2477 2760; x_wconf 88' lang='lat' dir='ltr'>Nam</span> 
     </span>
     <span class='ocr_line' id='line_1_26' title="bbox 185 2801 2476 2887; baseline -0.001 -25"><span class='ocrx_word' id='word_1_253' title='bbox 185 2824 310 2862; x_wconf 89' lang='lat' dir='ltr'>cum</span> <span class='ocrx_word' id='word_1_254' title='bbox 349 2806 588 2861; x_wconf 81' lang='lat' dir='ltr'>decreta</span> <span class='ocrx_word' id='word_1_255' title='bbox 629 2801 846 2877; x_wconf 88' lang='lat' dir='ltr'>possint</span> <span class='ocrx_word' id='word_1_256' title='bbox 893 2820 1014 2858; x_wconf 92' lang='lat' dir='ltr'>esse</span> <span class='ocrx_word' id='word_1_257' title='bbox 1055 2804 1358 2887; x_wconf 87' lang='lat' dir='ltr'>sententiae</span> <span class='ocrx_word' id='word_1_258' title='bbox 1397 2823 1427 2860; x_wconf 88' lang='lat' dir='ltr'>a</span> <span class='ocrx_word' id='word_1_259' title='bbox 1472 2804 1703 2878; x_wconf 84' lang='lat' dir='ltr'>singulis</span> <span class='ocrx_word' id='word_1_260' title='bbox 1745 2806 2090 2864; x_wconf 88' lang='lat' dir='ltr'>senatoribus</span> <span class='ocrx_word' id='word_1_261' title='bbox 2136 2806 2313 2862; x_wconf 89' lang='lat' dir='ltr'>dictae</span> <span class='ocrx_word' id='word_1_262' title='bbox 2356 2803 2476 2876; x_wconf 81' lang='lat' dir='ltr'>(cfr.</span> 
     </span>
     <span class='ocr_line' id='line_1_27' title="bbox 188 2905 2475 2981; baseline -0 -18"><span class='ocrx_word' id='word_1_263' title='bbox 188 2905 317 2963; x_wconf 86' lang='lat' dir='ltr'>Sall.</span> <span class='ocrx_word' id='word_1_264' title='bbox 367 2905 481 2962; x_wconf 89' lang='lat' dir='ltr'>Cat.</span> <span class='ocrx_word' id='word_1_265' title='bbox 527 2914 626 2968; x_wconf 89' lang='lat'>50,</span> <span class='ocrx_word' id='word_1_266' title='bbox 671 2911 722 2963; x_wconf 81' lang='lat'>4.</span> <span class='ocrx_word' id='word_1_267' title='bbox 780 2908 875 2966; x_wconf 79' lang='lat'>51,</span> <span class='ocrx_word' id='word_1_268' title='bbox 923 2911 1007 2964; x_wconf 88' lang='grc'>18.</span> <span class='ocrx_word' id='word_1_269' title='bbox 1077 2905 1191 2978; x_wconf 83' lang='lat' dir='ltr'>lug.</span> <span class='ocrx_word' id='word_1_270' title='bbox 1240 2912 1365 2969; x_wconf 85' lang='lat'><strong>104,</strong></span> <span class='ocrx_word' id='word_1_271' title='bbox 1411 2913 1462 2964; x_wconf 81' lang='lat'>2.</span> <span class='ocrx_word' id='word_1_272' title='bbox 1517 2906 1605 2962; x_wconf 89' lang='lat' dir='ltr'>Fr.</span> <span class='ocrx_word' id='word_1_273' title='bbox 1650 2908 1673 2962; x_wconf 90' lang='lat'>1</span> <span class='ocrx_word' id='word_1_274' title='bbox 1715 2914 1811 2970; x_wconf 83' lang='lat'>47,</span> <span class='ocrx_word' id='word_1_275' title='bbox 1862 2907 1952 2981; x_wconf 90' lang='lat' dir='ltr'>l),</span> <span class='ocrx_word' id='word_1_276' title='bbox 2012 2909 2147 2964; x_wconf 88' lang='lat' dir='ltr'>adeo</span> <span class='ocrx_word' id='word_1_277' title='bbox 2206 2908 2475 2967; x_wconf 82' lang='lat' dir='ltr'>factumne</span> 
     </span>
     <span class='ocr_line' id='line_1_28' title="bbox 186 3005 2473 3070; baseline -0 -5"><span class='ocrx_word' id='word_1_278' title='bbox 186 3010 260 3065; x_wconf 81' lang='lat' dir='ltr'>sit</span> <span class='ocrx_word' id='word_1_279' title='bbox 305 3015 531 3064; x_wconf 87' lang='lat' dir='ltr'>senatus</span> <span class='ocrx_word' id='word_1_280' title='bbox 576 3005 884 3064; x_wconf 88' lang='lat' dir='ltr'>consultum</span> <span class='ocrx_word' id='word_1_281' title='bbox 926 3005 1191 3062; x_wconf 88' lang='lat' dir='ltr'>incertum</span> <span class='ocrx_word' id='word_1_282' title='bbox 1231 3015 1330 3064; x_wconf 89' lang='lat' dir='ltr'>est.</span> <span class='ocrx_word' id='word_1_283' title='bbox 1407 3007 1514 3064; x_wconf 87' lang='lat' dir='ltr'>Iam</span> <span class='ocrx_word' id='word_1_284' title='bbox 1564 3025 1611 3065; x_wconf 91' lang='lat' dir='ltr'>a.</span> <span class='ocrx_word' id='word_1_285' title='bbox 1648 3015 1716 3070; x_wconf 86' lang='lat'>65</span> <span class='ocrx_word' id='word_1_286' title='bbox 1764 3009 2043 3066; x_wconf 87' lang='lat' dir='ltr'>Catilinam</span> <span class='ocrx_word' id='word_1_287' title='bbox 2088 3027 2135 3064; x_wconf 90' lang='lat' dir='ltr'>a.</span> <span class='ocrx_word' id='word_1_288' title='bbox 2180 3010 2237 3064; x_wconf 90' lang='lat' dir='ltr'>P.</span> <span class='ocrx_word' id='word_1_289' title='bbox 2285 3008 2473 3064; x_wconf 91' lang='lat' dir='ltr'>Clodio</span> 
     </span>
     <span class='ocr_line' id='line_1_29' title="bbox 185 3108 2471 3185; baseline -0 -18"><span class='ocrx_word' id='word_1_290' title='bbox 185 3117 501 3168; x_wconf 85' lang='lat' dir='ltr'>accusatum</span> <span class='ocrx_word' id='word_1_291' title='bbox 543 3125 788 3166; x_wconf 82' lang='lat' dir='ltr'>caussam</span> <span class='ocrx_word' id='word_1_292' title='bbox 829 3108 1030 3164; x_wconf 84' lang='lat' dir='ltr'>dixisse</span> <span class='ocrx_word' id='word_1_293' title='bbox 1072 3116 1290 3166; x_wconf 88' lang='lat' dir='ltr'>constat</span> <span class='ocrx_word' id='word_1_294' title='bbox 1331 3127 1394 3166; x_wconf 85' lang='lat' dir='ltr'>ex</span> <span class='ocrx_word' id='word_1_295' title='bbox 1437 3110 1627 3166; x_wconf 89' lang='lat' dir='ltr'>eodem</span> <span class='ocrx_word' id='word_1_296' title='bbox 1672 3111 1776 3169; x_wconf 86' lang='lat' dir='ltr'>Cic.</span> <span class='ocrx_word' id='word_1_297' title='bbox 1813 3129 1896 3185; x_wconf 90' lang='lat' dir='ltr'>pr.</span> <span class='ocrx_word' id='word_1_298' title='bbox 1944 3109 2083 3166; x_wconf 87' lang='lat' dir='ltr'>Cael.</span> <span class='ocrx_word' id='word_1_299' title='bbox 2123 3118 2173 3172; x_wconf 85' lang='lat'>4,</span> <span class='ocrx_word' id='word_1_300' title='bbox 2208 3118 2277 3170; x_wconf 91' lang='lat'>10</span> <span class='ocrx_word' id='word_1_301' title='bbox 2317 3109 2471 3167; x_wconf 90' lang='lat' dir='ltr'>loco:</span> 
     </span>
     <span class='ocr_line' id='line_1_30' title="bbox 185 3209 2473 3285; baseline -0 -16"><span class='ocrx_word' id='word_1_302' title='bbox 185 3218 420 3269; x_wconf 82' lang='lat' dir='ltr'>secatus</span> <span class='ocrx_word' id='word_1_303' title='bbox 467 3219 554 3266; x_wconf 88' lang='lat' dir='ltr'>est</span> <span class='ocrx_word' id='word_1_304' title='bbox 595 3225 815 3278; x_wconf 70' lang='lat' dir='ltr'>annua,</span> <span class='ocrx_word' id='word_1_305' title='bbox 862 3227 990 3266; x_wconf 82' lang='lat' dir='ltr'>cum</span> <span class='ocrx_word' id='word_1_306' title='bbox 1035 3209 1213 3282; x_wconf 87' lang='lat' dir='ltr'>(recte</span> <span class='ocrx_word' id='word_1_307' title='bbox 1257 3211 1364 3269; x_wconf 87' lang='lat' dir='ltr'>hoe</span> <span class='ocrx_word' id='word_1_308' title='bbox 1411 3212 1733 3268; x_wconf 90' lang='lat' dir='ltr'>Garatonius</span> <span class='ocrx_word' id='word_1_309' title='bbox 1778 3212 2042 3285; x_wconf 86' lang='lat' dir='ltr'>inseruit)</span> <span class='ocrx_word' id='word_1_310' title='bbox 2086 3227 2355 3268; x_wconf 79' lang='lat' dir='ltr'>caussam</span> <span class='ocrx_word' id='word_1_311' title='bbox 2402 3213 2473 3268; x_wconf 85' lang='lat' dir='ltr'>de</span> 
     </span>
     <span class='ocr_line' id='line_1_31' title="bbox 178 3311 2472 3388; baseline -0 -17"><span class='ocrx_word' id='word_1_312' title='bbox 178 3315 447 3385; x_wconf 74' lang='lat' dir='ltr'>pecuniis</span> <span class='ocrx_word' id='word_1_313' title='bbox 489 3314 826 3383; x_wconf 78' lang='lat' dir='ltr'>repetundis</span> <span class='ocrx_word' id='word_1_314' title='bbox 871 3311 1118 3370; x_wconf 79' lang='lat' dir='ltr'>Catilina</span> <span class='ocrx_word' id='word_1_315' title='bbox 1159 3313 1323 3368; x_wconf 79' lang='lat' dir='ltr'>dixit.</span> <span class='ocrx_word' id='word_1_316' title='bbox 1419 3313 1530 3376; x_wconf 91' lang='lat' dir='ltr'>Set,</span> <span class='ocrx_word' id='word_1_317' title='bbox 1578 3315 1672 3388; x_wconf 87' lang='lat' dir='ltr'>qui</span> <span class='ocrx_word' id='word_1_318' title='bbox 1716 3332 1781 3370; x_wconf 81' lang='lat' dir='ltr'>ex</span> <span class='ocrx_word' id='word_1_319' title='bbox 1820 3314 1879 3369; x_wconf 87' lang='lat' dir='ltr'>G.</span> <span class='ocrx_word' id='word_1_320' title='bbox 1925 3314 2107 3371; x_wconf 87' lang='lat' dir='ltr'>Verris</span> <span class='ocrx_word' id='word_1_321' title='bbox 2146 3330 2339 3370; x_wconf 84' lang='lat' dir='ltr'>caussa</span> <span class='ocrx_word' id='word_1_322' title='bbox 2380 3331 2472 3370; x_wconf 93' lang='lat' dir='ltr'>co-</span> 
     </span>
     <span class='ocr_line' id='line_1_32' title="bbox 188 3412 2473 3492; baseline -0 -21"><span class='ocrx_word' id='word_1_323' title='bbox 188 3415 470 3488; x_wconf 84' lang='lat' dir='ltr'>gnoverit,</span> <span class='ocrx_word' id='word_1_324' title='bbox 515 3421 776 3486; x_wconf 85' lang='lat' dir='ltr'>quantum</span> <span class='ocrx_word' id='word_1_325' title='bbox 822 3412 1084 3488; x_wconf 87' lang='lat' dir='ltr'>temporis</span> <span class='ocrx_word' id='word_1_326' title='bbox 1139 3413 1282 3470; x_wconf 88' lang='lat' dir='ltr'>inter</span> <span class='ocrx_word' id='word_1_327' title='bbox 1325 3416 1559 3472; x_wconf 90' lang='lat' dir='ltr'>nominis</span> <span class='ocrx_word' id='word_1_328' title='bbox 1598 3415 1924 3472; x_wconf 84' lang='lat' dir='ltr'>delationem</span> <span class='ocrx_word' id='word_1_329' title='bbox 1971 3418 2250 3492; x_wconf 86' lang='lat' dir='ltr'>ipsamque</span> <span class='ocrx_word' id='word_1_330' title='bbox 2290 3415 2473 3472; x_wconf 89' lang='lat' dir='ltr'>iudicii</span> 
     </span>
     <span class='ocr_line' id='line_1_33' title="bbox 187 3515 2472 3594; baseline 0.002 -22"><span class='ocrx_word' id='word_1_331' title='bbox 187 3517 456 3573; x_wconf 88' lang='lat' dir='ltr'>actionem</span> <span class='ocrx_word' id='word_1_332' title='bbox 497 3515 830 3571; x_wconf 83' lang='lat' dir='ltr'>intercedere</span> <span class='ocrx_word' id='word_1_333' title='bbox 874 3515 1134 3589; x_wconf 81' lang='lat' dir='ltr'>potuerit,</span> <span class='ocrx_word' id='word_1_334' title='bbox 1179 3533 1288 3571; x_wconf 89' lang='lat' dir='ltr'>non</span> <span class='ocrx_word' id='word_1_335' title='bbox 1330 3516 1616 3579; x_wconf 83' lang='lat' dir='ltr'>dubitabit,</span> <span class='ocrx_word' id='word_1_336' title='bbox 1660 3518 1790 3592; x_wconf 88' lang='lat' dir='ltr'>quin</span> <span class='ocrx_word' id='word_1_337' title='bbox 1836 3520 2019 3575; x_wconf 90' lang='lat' dir='ltr'>statim</span> <span class='ocrx_word' id='word_1_338' title='bbox 2059 3526 2187 3594; x_wconf 88' lang='lat' dir='ltr'>post</span> <span class='ocrx_word' id='word_1_339' title='bbox 2230 3518 2347 3574; x_wconf 91' lang='lat' dir='ltr'>eius</span> <span class='ocrx_word' id='word_1_340' title='bbox 2387 3537 2472 3576; x_wconf 90' lang='lat' dir='ltr'>re-</span> 
     </span>
     <span class='ocr_line' id='line_1_34' title="bbox 185 3616 2472 3694; baseline 0 -20"><span class='ocrx_word' id='word_1_341' title='bbox 185 3618 352 3674; x_wconf 92' lang='lat' dir='ltr'>ditum</span> <span class='ocrx_word' id='word_1_342' title='bbox 407 3616 636 3672; x_wconf 87' lang='lat' dir='ltr'>Catilina</span> <span class='ocrx_word' id='word_1_343' title='bbox 679 3633 804 3672; x_wconf 89' lang='lat' dir='ltr'>reus</span> <span class='ocrx_word' id='word_1_344' title='bbox 853 3617 1024 3673; x_wconf 81' lang='lat' dir='ltr'>factus</span> <span class='ocrx_word' id='word_1_345' title='bbox 1073 3617 1174 3680; x_wconf 87' lang='lat' dir='ltr'>sit,</span> <span class='ocrx_word' id='word_1_346' title='bbox 1225 3635 1400 3692; x_wconf 90' lang='lat' dir='ltr'>eoque</span> <span class='ocrx_word' id='word_1_347' title='bbox 1444 3619 1653 3684; x_wconf 87' lang='lat' dir='ltr'>minus,</span> <span class='ocrx_word' id='word_1_348' title='bbox 1712 3621 1858 3694; x_wconf 87' lang='lat' dir='ltr'>quod</span> <span class='ocrx_word' id='word_1_349' title='bbox 1902 3620 2159 3678; x_wconf 86' lang='lat' dir='ltr'>credibile</span> <span class='ocrx_word' id='word_1_350' title='bbox 2197 3628 2282 3677; x_wconf 87' lang='lat' dir='ltr'>est</span> <span class='ocrx_word' id='word_1_351' title='bbox 2324 3638 2472 3677; x_wconf 88' lang='lat' dir='ltr'>acer-</span> 
     </span>
     <span class='ocr_line' id='line_1_35' title="bbox 187 3700 2471 3791; baseline 0.002 -17"><span class='ocrx_word' id='word_1_352' title='bbox 187 3720 354 3776; x_wconf 90' lang='lat' dir='ltr'>rumis</span> <span class='ocrx_word' id='word_1_353' title='bbox 403 3736 468 3775; x_wconf 89' lang='lat' dir='ltr'>ac</span> <span class='ocrx_word' id='word_1_354' title='bbox 508 3717 860 3791; x_wconf 84' lang='lat' dir='ltr'>gravissumis</span> <span class='ocrx_word' id='word_1_355' title='bbox 901 3718 956 3772; x_wconf 91' lang='lat' dir='ltr'>in</span> <span class='ocrx_word' id='word_1_356' title='bbox 1001 3735 1123 3774; x_wconf 89' lang='lat' dir='ltr'>eum</span> <span class='ocrx_word' id='word_1_357' title='bbox 1169 3720 1454 3776; x_wconf 77' lang='lat' dir='ltr'>sententiis</span> <span class='ocrx_word' id='word_1_358' title='bbox 1491 3721 1546 3776; x_wconf 88' lang='lat' dir='ltr'>in</span> <span class='ocrx_word' id='word_1_359' title='bbox 1578 3730 1771 3778; x_wconf 88' lang='lat' dir='ltr'>senatu</span> <span class='ocrx_word' id='word_1_360' title='bbox 1808 3723 1967 3780; x_wconf 89' lang='lat' dir='ltr'>dictis</span> <span class='ocrx_word' id='word_1_361' title='bbox 2012 3700 2219 3780; x_wconf 83' lang='lat' dir='ltr'>animos</span> <span class='ocrx_word' id='word_1_362' title='bbox 2264 3723 2328 3778; x_wconf 90' lang='lat' dir='ltr'>ad</span> <span class='ocrx_word' id='word_1_363' title='bbox 2374 3741 2471 3779; x_wconf 90' lang='lat' dir='ltr'>no-</span> 
     </span>
     <span class='ocr_line' id='line_1_36' title="bbox 187 3818 2470 3898; baseline 0.001 -22"><span class='ocrx_word' id='word_1_364' title='bbox 187 3839 303 3878; x_wconf 89' lang='lat' dir='ltr'>men</span> <span class='ocrx_word' id='word_1_365' title='bbox 347 3819 708 3876; x_wconf 74' lang='lat' dir='ltr'>desei-undum</span> <span class='ocrx_word' id='word_1_366' title='bbox 752 3818 1124 3894; x_wconf 87' lang='lat' dir='ltr'>promptiores</span> <span class='ocrx_word' id='word_1_367' title='bbox 1169 3828 1225 3877; x_wconf 89' lang='lat' dir='ltr'>et</span> <span class='ocrx_word' id='word_1_368' title='bbox 1268 3819 1562 3879; x_wconf 87' lang='lat' dir='ltr'>alacriores</span> <span class='ocrx_word' id='word_1_369' title='bbox 1614 3823 1789 3881; x_wconf 86' lang='lat' dir='ltr'>factos</span> <span class='ocrx_word' id='word_1_370' title='bbox 1832 3842 1954 3882; x_wconf 90' lang='lat' dir='ltr'>esse</span> <span class='ocrx_word' id='word_1_371' title='bbox 1987 3819 2047 3898; x_wconf 87' lang='lat'>¹).</span> <span class='ocrx_word' id='word_1_372' title='bbox 2124 3824 2320 3880; x_wconf 88' lang='lat' dir='ltr'>Deinde</span> <span class='ocrx_word' id='word_1_373' title='bbox 2364 3823 2470 3880; x_wconf 89' lang='lat' dir='ltr'>nisi</span> 
     </span>
    </p>
   </div>
   <div class='ocr_carea' id='block_1_4' title="bbox 185 3998 2469 4410">
    <p class='ocr_par' dir='ltr' id='par_1_4' title="bbox 185 3998 2469 4410">
     <span class='ocr_line' id='line_1_37' title="bbox 253 3998 2468 4069; baseline 0.001 -18"><span class='ocrx_word' id='word_1_374' title='bbox 253 4002 302 4066; x_wconf 89' lang='lat' dir='ltr'>l)</span> <span class='ocrx_word' id='word_1_375' title='bbox 323 4003 670 4067; x_wconf 80' lang='lat' dir='ltr'>Quamquam</span> <span class='ocrx_word' id='word_1_376' title='bbox 703 3998 930 4052; x_wconf 69' lang='lat' dir='ltr'>arduum</span> <span class='ocrx_word' id='word_1_377' title='bbox 958 4006 1044 4052; x_wconf 83' lang='lat' dir='ltr'>est</span> <span class='ocrx_word' id='word_1_378' title='bbox 1068 4000 1136 4052; x_wconf 88' lang='lat' dir='ltr'>de</span> <span class='ocrx_word' id='word_1_379' title='bbox 1161 4002 1301 4053; x_wconf 86' lang='lat' dir='ltr'>libro</span> <span class='ocrx_word' id='word_1_380' title='bbox 1353 4011 1597 4068; x_wconf 67' lang='lat' dir='ltr'>venisset,</span> <span class='ocrx_word' id='word_1_381' title='bbox 1660 4010 1746 4055; x_wconf 81' lang='lat' dir='ltr'>set</span> <span class='ocrx_word' id='word_1_382' title='bbox 1804 4006 1888 4056; x_wconf 80' lang='lat' dir='ltr'>sic</span> <span class='ocrx_word' id='word_1_383' title='bbox 1934 4006 2052 4056; x_wconf 89' lang='lat' dir='ltr'>fere</span> <span class='ocrx_word' id='word_1_384' title='bbox 2106 4005 2468 4069; x_wconf 86' lang='lat' dir='ltr'>subplendum</span> 
     </span>
     <span class='ocr_line' id='line_1_38' title="bbox 187 4086 2469 4156; baseline 0.001 -21"><span class='ocrx_word' id='word_1_385' title='bbox 187 4086 454 4150; x_wconf 81' lang='lat' dir='ltr'>iudicare,</span> <span class='ocrx_word' id='word_1_386' title='bbox 493 4087 648 4137; x_wconf 81' lang='lat' dir='ltr'>cuius</span> <span class='ocrx_word' id='word_1_387' title='bbox 673 4091 928 4146; x_wconf 72' lang='lat' dir='ltr'>naturam</span> <span class='ocrx_word' id='word_1_388' title='bbox 952 4092 1302 4152; x_wconf 81' lang='lat' dir='ltr'>perspectam</span> <span class='ocrx_word' id='word_1_389' title='bbox 1354 4089 1489 4139; x_wconf 89' lang='lat' dir='ltr'>mihi</span> <span class='ocrx_word' id='word_1_390' title='bbox 1513 4091 1718 4140; x_wconf 86' lang='lat' dir='ltr'>videri:</span> <span class='ocrx_word' id='word_1_391' title='bbox 1758 4093 1936 4156; x_wconf 77' lang='lat' dir='ltr'>questi,</span> <span class='ocrx_word' id='word_1_392' title='bbox 1974 4092 2046 4140; x_wconf 84' lang='lat' dir='ltr'>ad</span> <span class='ocrx_word' id='word_1_393' title='bbox 2068 4092 2129 4140; x_wconf 91' lang='lat' dir='ltr'>P.</span> <span class='ocrx_word' id='word_1_394' title='bbox 2160 4091 2382 4139; x_wconf 78' lang='lat' dir='ltr'>Clodium</span> <span class='ocrx_word' id='word_1_395' title='bbox 2414 4097 2469 4138; x_wconf 80' lang='lat' dir='ltr'>ut</span> 
     </span>
     <span class='ocr_line' id='line_1_39' title="bbox 189 4171 2467 4240; baseline 0.002 -20"><span class='ocrx_word' id='word_1_396' title='bbox 189 4187 296 4222; x_wconf 87' lang='lat' dir='ltr'>non</span> <span class='ocrx_word' id='word_1_397' title='bbox 350 4171 594 4234; x_wconf 80' lang='lat' dir='ltr'>habeas,</span> <span class='ocrx_word' id='word_1_398' title='bbox 667 4177 851 4221; x_wconf 81' lang='lat' dir='ltr'>tamen</span> <span class='ocrx_word' id='word_1_399' title='bbox 909 4187 1020 4222; x_wconf 88' lang='lat' dir='ltr'>non</span> <span class='ocrx_word' id='word_1_400' title='bbox 1078 4173 1297 4237; x_wconf 81' lang='lat' dir='ltr'>tacebo,</span> <span class='ocrx_word' id='word_1_401' title='bbox 1351 4189 1494 4224; x_wconf 79' lang='lat' dir='ltr'>suam</span> <span class='ocrx_word' id='word_1_402' title='bbox 1528 4190 1756 4224; x_wconf 75' lang='lat' dir='ltr'>caussam</span> <span class='ocrx_word' id='word_1_403' title='bbox 1806 4179 2092 4239; x_wconf 81' lang='lat' dir='ltr'>susciperet</span> <span class='ocrx_word' id='word_1_404' title='bbox 2135 4174 2334 4240; x_wconf 75' lang='lat' dir='ltr'>publice</span> <span class='ocrx_word' id='word_1_405' title='bbox 2382 4191 2467 4225; x_wconf 86' lang='lat' dir='ltr'>ro-</span> 
     </span>
     <span class='ocr_line' id='line_1_40' title="bbox 185 4255 1929 4324; baseline 0.003 -19"><span class='ocrx_word' id='word_1_406' title='bbox 185 4255 388 4306; x_wconf 82' lang='lat' dir='ltr'>Asconi</span> <span class='ocrx_word' id='word_1_407' title='bbox 431 4256 613 4308; x_wconf 86' lang='lat' dir='ltr'>locum</span> <span class='ocrx_word' id='word_1_408' title='bbox 660 4257 1021 4321; x_wconf 79' lang='lat' dir='ltr'>apertissume</span> <span class='ocrx_word' id='word_1_409' title='bbox 1073 4256 1299 4308; x_wconf 81' lang='lat' dir='ltr'>lacuno-</span> <span class='ocrx_word' id='word_1_410' title='bbox 1349 4267 1533 4324; x_wconf 73' lang='lat' dir='ltr'>yantas</span> <span class='ocrx_word' id='word_1_411' title='bbox 1562 4261 1929 4323; x_wconf 78' lang='lat' dir='ltr'>pervenissent.</span> 
     </span>
     <span class='ocr_line' id='line_1_41' title="bbox 191 4342 1298 4410; baseline 0.004 -20"><span class='ocrx_word' id='word_1_412' title='bbox 191 4355 312 4390; x_wconf 79' lang='lat' dir='ltr'>sum</span> <span class='ocrx_word' id='word_1_413' title='bbox 351 4357 464 4394; x_wconf 88' lang='lat' dir='ltr'>non</span> <span class='ocrx_word' id='word_1_414' title='bbox 507 4355 632 4394; x_wconf 82' lang='lat' dir='ltr'>cum</span> <span class='ocrx_word' id='word_1_415' title='bbox 675 4342 932 4410; x_wconf 78' lang='lat' dir='ltr'>Hagenio</span> <span class='ocrx_word' id='word_1_416' title='bbox 979 4349 1150 4393; x_wconf 78' lang='lat' dir='ltr'>essent</span> <span class='ocrx_word' id='word_1_417' title='bbox 1178 4359 1298 4408; x_wconf 82' lang='lat' dir='ltr'>per-</span> 
     </span>
    </p>
   </div>
  </div>
 </body>
</html>
