3042 4917
515 216 635 280 112
1206 233 1816 286 connunn‘mouuu
1861 237 2003 286 oAr.
2047 237 2108 285 v.

506 394 724 451 differre
770 391 1075 468 intelleges,
1122 409 1447 470 quamquam
1490 394 1679 453 Cicero
1728 395 1886 471 prius
1916 396 2051 454 illud
2083 413 2194 455 non
2232 415 2297 454 ex
2325 395 2608 474 Sibyllinis
2641 397 2796 458 libris

508 498 687 559 modo,
732 505 815 553 set
858 497 1020 552 etiam
1064 514 1127 552 cx
1168 497 1478 571 aruspicum
1531 499 1810 572 responsis
1857 500 2082 557 ductum
2127 500 2298 557 fuisse
2341 501 2619 565 adfirmat,
2683 503 2796 558 Sal-

508 598 709 656 lustius
753 598 907 673 prius
952 599 1018 654 ad
1060 597 1356 672 Sibyllinos
1398 598 1586 662 libros,
1634 600 1866 658 alterum
1913 602 1979 657 ad
2020 603 2300 677 aruspices
2344 603 2594 668 rettulit,
2641 621 2796 678 prae-

514 708 659 757 terea
703 699 791 756 hic
832 700 1105 773 virginum
1155 699 1519 757 absolutionis
1557 701 1762 758 nullam
1808 704 2140 760 mentionem
2196 704 2342 762 fecit.
2431 704 2566 761 Uter
2613 705 2797 761 verius

510 801 791 858 rettulerit
838 817 1101 874 quaerere
1142 819 1253 857 non
1298 809 1383 858 est
1428 802 1592 860 huius
1634 803 1770 867 loci:
1817 822 1920 878 pro
1965 805 2225 862 Cicerone
2279 822 2470 862 recens
2513 807 2795 868 memoria,

507 922 611 980 pro
666 903 925 960 Sallustio
982 919 1172 959 eorum
1218 921 1357 977 quae
1403 903 1679 961 Ciceronis
1733 905 1887 962 iussu
1931 907 2236 980 perscripta
2291 915 2448 964 erant
2505 905 2611 982 (pr.
2661 907 2796 963 Sull.

512 1012 595 1067 14,
630 1004 719 1077 42)
766 1023 899 1061 usus
944 1005 1338 1061 conmemorari
1383 1013 1602 1079 potest;
1654 1007 1758 1065 hoc
1812 1006 1936 1064 loco
1989 1007 2124 1065 illud
2167 1009 2356 1082 potius
2403 1010 2794 1082 quaerendum,

510 1125 639 1164 num
681 1107 737 1162 in
776 1106 1000 1164 Sallusti
1042 1107 1219 1164 verbis
1262 1107 1587 1181 conruptela
1631 1109 1731 1178 sit,
1783 1127 1920 1184 quae
1964 1109 2239 1166 Ciceronis
2281 1127 2384 1184 ope
2431 1109 2554 1165 tolli
2596 1112 2794 1184 possit.

508 1210 638 1266 Nam
676 1211 873 1266 mirum
916 1209 1168 1284 profecto
1208 1216 1310 1272 est,
1357 1209 1505 1281 quod
1548 1209 1666 1266 cod.
1711 1229 1766 1266 m
1794 1204 1837 1284 1)
1880 1227 2046 1283 quem
2076 1213 2186 1268 sibi
2215 1227 2295 1268 ex
2325 1213 2613 1285 prodiyiis
2658 1230 2795 1268 aru·

507 1315 695 1385 spices
737 1313 1167 1383 respondissent
1208 1311 1351 1366 bello
1392 1311 1546 1367 civili
1583 1319 1885 1368 cruentum
1922 1312 2058 1385 fore
2101 1313 2347 1377 exhibet;
2399 1313 2549 1386 quod
2603 1331 2673 1370 ex
2715 1331 2798 1370 er-

511 1431 638 1470 rore
675 1412 883 1470 librarii
926 1420 1116 1468 natum
1160 1429 1280 1468 esse
1335 1430 1460 1469 cum
1508 1430 1609 1486 per
1653 1431 1711 1470 se
1755 1415 1870 1470 veri
1914 1415 2094 1472 simile
2135 1432 2248 1472 non
2283 1415 2372 1477 sit,
2417 1422 2536 1471 tum
2582 1432 2650 1472 eo
2678 1417 2798 1471 red-

511 1515 793 1588 arguitur,
834 1514 981 1587 quod
1013 1514 1077 1569 ad
1110 1514 1435 1570 sententiam
1468 1515 1834 1589 aptissumum
1865 1524 1968 1572 est.
2056 1517 2187 1574 Nam
2215 1516 2466 1590 profecto
2506 1516 2795 1580 Lentulus,

513 1633 689 1690 quem,
732 1623 795 1673 ut
836 1615 1095 1671 mentitus
1140 1615 1229 1678 sit,
1279 1623 1457 1671 tamen
1498 1616 1858 1689 probabiliter
1888 1618 2176 1674 mentitum
2213 1635 2332 1675 esse
2365 1626 2797 1675 cousentaneum

512 1725 623 1780 est,
682 1734 806 1774 cum
862 1715 1036 1774 tribus
1095 1717 1360 1774 Corneliis
1411 1734 1644 1791 regnum
1697 1719 1898 1776 Romae
1949 1721 2206 1794 portendi
2265 1719 2507 1782 dixisset,
2563 1720 2798 1776 debebat

508 1836 935 1906 conmemorare,
982 1819 1125 1876 unde
1166 1836 1225 1874 se
1272 1819 1492 1875 tertium
1534 1819 1846 1876 Cornelium
1892 1840 2040 1885 esse,
2099 1822 2186 1878 cui
2238 1822 2408 1877 satum
2448 1821 2599 1876 foret
2643 1821 2795 1878 urbis

510 1922 695 1996 potiri,
734 1921 1110 1979 conclusisset.
1200 1920 1357 1989 Quod
1393 1938 1497 1994 qua
1537 1939 1597 1978 re
1635 1921 1832 1980 melius
1873 1923 2192 1980 confirmare
2231 1923 2430 1996 potuit,
2479 1940 2643 1996 quam
2675 1941 2797 1979 cum

512 2023 791 2080 oraculum
836 2023 939 2080 sibi
978 2024 1183 2081 editum
1223 2022 1538 2100 proferret?
1617 2024 1910 2098 Aruspices
1955 2032 2138 2081 autem
2179 2024 2244 2079 ad
2289 2041 2352 2080 ea
2395 2041 2548 2081 sacra
2585 2025 2795 2084 adhibi-

512 2133 597 2181 tos
620 2142 756 2188 esse,
796 2143 933 2199 quae
957 2124 1155 2199 aliquis
1185 2133 1249 2181 ut
1294 2124 1438 2200 quod
1482 2123 1585 2179 sibi
1617 2125 2040 2199 portenderetur
2079 2125 2392 2199 conperiret
2416 2126 2670 2188 faciebat,
2713 2127 2795 2180 vix

510 2234 595 2283 est
642 2227 791 2302 quod
830 2245 1094 2284 moneam.
1182 2227 1259 2283 Ac
1302 2227 1481 2282 fateor
1527 2226 1760 2298 quidem,
1805 2245 1943 2301 quae
1983 2227 2119 2284 illud
2159 2244 2483 2302 responsum
2527 2228 2794 2290 continet,

510 2329 727 2403 publice
771 2330 945 2402 magis
991 2344 1153 2404 quam
1194 2327 1446 2403 privatim
1488 2327 1620 2383 editi
1675 2329 1880 2386 oraculi
1919 2329 2154 2404 speciem
2197 2345 2328 2403 prae
2377 2347 2435 2384 se
2479 2329 2656 2391 ferre,
2713 2337 2796 2384 set

512 2431 699 2504 quidni
746 2437 1074 2493 statuamuS‚
1120 2429 1411 2486 Lentulum
1448 2447 1572 2486 cum
1619 2447 1729 2505 quo
1775 2449 1920 2488 anno
1973 2439 2193 2506 optume
2232 2437 2542 2506 praeturam
2588 2431 2797 2505 petitu-

512 2549 607 2588 rus
652 2540 799 2588 esset
840 2563 913 2574 -
963 2532 1171 2589 scilicet
1218 2537 1281 2586 ut
1326 2531 1680 2604 ignominiam
1726 2531 1830 2588 sibi
1875 2533 2168 2608 inpositam
2216 2532 2452 2595 tolleret,
2504 2562 2577 2573 —
2631 2549 2797 2606 quae-

512 2633 743 2695 sivisset,
785 2634 896 2689 hoc·
936 2649 1263 2709 responsum
1309 2633 1583 2707 accepisse
1631 2641 1696 2690 ut
1739 2651 1804 2690 eo
1847 2653 1990 2690 anno
2033 2640 2275 2708 peteret,
2335 2634 2429 2708 qui
2473 2641 2623 2688 esset
2667 2640 2800 2708 post

510 2734 763 2809 Capitolii
802 2735 1171 2792 incensionem
1208 2735 1530 2810 vigesimus;
1577 2753 1705 2792 eum
1746 2736 1889 2792 enim
1932 2736 2078 2793 bello
2123 2735 2264 2791 civili
2315 2740 2603 2792 cruentum
2637 2735 2798 2791 fore?

510 2837 749 2899 Adcedit‚
799 2837 945 2910 quod
986 2837 1173 2894 Cicero
1214 2837 1442 2893 alteram
1485 2845 1696 2912 partem
1735 2855 1956 2902 eorum,
1997 2855 2136 2912 quae
2171 2836 2436 2894 Lentulus
2477 2836 2662 2892 dicere
2711 2854 2800 2892 so-

510 2938 642 2996 litus
688 2946 851 3001 esset,
899 2939 975 2996 ita
1016 2957 1046 2995 a
1092 2940 1278 3014 priore
1323 2946 1541 3014 separat
1582 2957 1644 2996 ac
1685 2940 1962 3003 discernit,
2017 2946 2079 2996 ut
2120 2939 2186 2995 ad
2231 2939 2335 2995 alia
2381 2935 2601 2994 oracula
2634 2955 2798 3012 quam

511 3043 574 3098 ad
635 3059 772 3116 quae
826 3041 881 3098 in
936 3042 1123 3116 priore
1178 3041 1333 3098 illum
1376 3045 1654 3114 spectasse
1711 3042 1982 3116 adpareat.
2071 3039 2228 3109 Quod
2281 3040 2327 3097 si
2386 3041 2494 3096 sibi
2538 3038 2650 3094 tale
2697 3047 2799 3103 est,

512 3145 657 3218 quod
712 3162 941 3218 prorsus
998 3145 1336 3202 reiciundum
1392 3160 1504 3199 non
1540 3143 1812 3207 videatur,
1872 3144 2000 3218 quid
2047 3144 2113 3200 de
2171 3158 2362 3215 saepe,
2411 3140 2559 3216 quod
2606 3141 2801 3198 relicui

510 3245 636 3300 libri
684 3262 871 3302 omnes
912 3253 1119 3309 tenent,
1168 3245 1545 3302 iudicandum?
1632 3245 1758 3301 ldne
1817 3263 1880 3301 ex
1935 3247 2045 3302 sibi
2075 3252 2406 3319 conruptum
2445 3260 2564 3299 esse
2611 3261 2801 3300 cense-

510 3347 705 3408 bimus,
750 3365 818 3402 an
858 3346 1111 3402 librarios
1154 3347 1230 3402 ita
1268 3346 1672 3402 emendavisse?
1747 3347 1997 3404 Minume.
2089 3347 2182 3403 Set
2233 3345 2402 3420 quid?
2455 3361 2644 3400 nonne
2687 3345 2800 3400 veri

512 3447 687 3503 simile
749 3455 835 3504 est
888 3447 1208 3504 Sallustium
1259 3448 1546 3522 scripsisse
1601 3464 1767 3521 quem
1823 3465 1999 3522 saepe
2055 3451 2165 3506 sibi
2211 3463 2290 3504 eoe
2329 3448 2615 3520 prodiqiis
2655 3447 2799 3503 ce't.?

512 3548 727 3604 Scilicet
772 3565 874 3623 pro
920 3549 1261 3622 gravissumo
1302 3566 1364 3605 ac
1406 3567 1658 3608 maxumo
1704 3551 2055 3609 incitamento
2090 3550 2396 3606 habendum
2427 3555 2528 3611 est,
2575 3548 2627 3604 si
2660 3549 2800 3605 idem

512 3667 624 3707 non
670 3650 853 3714 semel,
900 3659 985 3708 set
1021 3669 1183 3726 saepe
1227 3669 1293 3708 ex
1334 3651 1604 3726 prodigiis
1642 3650 1804 3709 alicui
1860 3653 1926 3710 ab
1986 3652 2196 3709 vatibus
2245 3666 2572 3726 responsum
2611 3649 2796 3706 fuerit.

681 3787 792 3844 Cat.
846 3794 930 3852 52,
977 3795 1043 3849 25
1090 3807 1235 3846 nunc
1263 3805 1371 3866 pro
1407 3790 1708 3861 deprensis
1750 3788 1833 3845 vel
1878 3789 2252 3862 deprehensis
2298 3785 2653 3844 scribundum
2697 3803 2796 3859 pu-

512 3890 618 3948 tavi
658 3892 1053 3963 adprehensi&
1096 3910 1217 3948 cum
1243 3865 1463 3948 'vetusti
1509 3898 1675 3964 atque
1721 3893 1931 3965 optumi
1973 3890 2098 3948 libri
2141 3891 2196 3946 id
2227 3889 2551 3964 praeberent
2597 3895 2655 3943 et
2683 3885 2794 3942 veri

492 3990 743 4051 'similius
790 3995 1063 4052 videretur
1116 3994 1443 4052 insolentius
1505 3993 1724 4049 verbum
1782 3993 1838 4048 in
1881 3993 2134 4050 usitatius
2177 3998 2576 4068 conmutatum,
2636 4003 2792 4063 quam

511 4115 613 4173 pro
658 4106 922 4154 consueto
964 4099 1141 4156 miuus
1180 4098 1586 4172 frequentatum
1621 4095 1941 4152 restitutum
1986 4112 2124 4151 esse.
2214 4092 2592 4165 Adprehendi
2616 4099 2789 4148 autem

583 4280 631 4346 1)
668 4281 785 4330 Nee
820 4280 1225 4347 neglegendum
1265 4280 1433 4330 estin
1458 4277 1511 4335 (ξ)
1543 4293 1710 4344 supra
1743 4293 1901 4344 saepe
1940 4277 2222 4342 adpictum
2259 4289 2382 4326 esse
2417 4278 2454 4326 i.
