3042 4917
502 204 585 265 40
1174 224 1782 267 OONMENTATIONUM
1829 224 1968 267 CAP.
2020 226 2116 267 111.
2786 247 2852 303 0

508 388 698 437 tumas.
774 382 844 435 At
892 376 1025 435 illud
1065 378 1333 435 Linkerus
1390 379 1564 450 ecfert
1607 377 1680 455 (p.
1732 377 1818 452 ll)
1856 379 1922 437 ab
1967 380 2133 437 Dione
2175 380 2405 442 narrari,
2447 380 2594 454 quod
2639 378 2793 438 solus

507 480 797 537 Sallustius
842 478 1141 543 tradiderit,
1187 480 1253 537 de
1299 481 1349 536 vi
1391 499 1545 538 reum
1588 481 1787 538 factum
1832 499 1951 539 esse
1992 481 2292 538 Catilinam.
2379 482 2474 537 Set
2519 481 2638 537 vide
2683 500 2794 555 quo

506 585 669 641 modo
714 581 1017 639 rettulerit:
1064 568 1135 637 τα
1167 575 1231 638 δὲ
1280 575 1343 638 ἐκ
1383 579 1505 639 τῶν
1539 579 1864 658 Τυρσηνῶν
1909 569 2307 660 ἀγγελλόμενα
2354 572 2465 655 τήν
2506 600 2567 638 τε
2601 578 2798 639 αἰτίαν

506 673 887 756 ἐπιστώσατο,
932 677 1033 739 καὶ
1063 680 1199 758 βίας
1242 669 1338 739 ἐπ’
1378 674 1582 753 αὐτοῖς
1611 672 1851 760 γραφήν
1882 682 1968 765 τῷ
2002 682 2291 765 Κατιλίνα
2337 674 2797 760 παρεσκεύασεν.

506 786 625 843 Non
669 786 998 849 nominatur,
1046 788 1139 859 qui
1183 802 1381 843 nomen
1418 787 1536 843 eius
1577 788 1643 844 de
1688 788 1740 843 vi
1779 786 1994 849 detulit,
2042 795 2098 844 et
2141 804 2264 844 cum
2308 786 2470 843 rebus
2516 803 2579 842 ea
2623 786 2797 843 inter-

510 888 729 962 rogatio
770 888 1132 950 connectitur,
1178 889 1244 944 de
1292 889 1488 961 quibus
1530 908 1760 965 prorsus
1797 890 1966 945 tacuit
2012 887 2138 944 Sall.
2218 886 2436 944 Scilicet
2474 888 2532 944 L.
2566 888 2797 945 Paulum

510 1006 762 1047 accusare
799 988 1035 1045 voluisse
1077 988 1359 1046 Catilinam
1408 990 1621 1048 aliunde
1665 999 1856 1048 notum
1901 990 2068 1047 fuisse
2111 990 2408 1046 ostendunt
2452 989 2622 1046 schol.
2664 991 2795 1047 Bob.

514 1091 579 1147 ad
617 1090 721 1155 Cin.
770 1090 824 1145 in
869 1090 1043 1146 Vatin.
1089 1100 1182 1155 10,
1228 1099 1294 1151 25
1340 1112 1392 1167 p.
1444 1100 1550 1153 320
1583 1094 1671 1151 Or.
1742 1093 1857 1149 Hic
1897 1095 2074 1165 i9itur
2119 1092 2344 1147 Paulus
2385 1108 2666 1148 accusare
2711 1094 2796 1147 in-

511 1194 780 1248 stituerat
828 1194 897 1248 de
945 1194 999 1249 vi
1049 1194 1112 1249 L.
1160 1193 1461 1251 Catilinam
1505 1200 1578 1265 et,
1635 1186 1716 1252 ut'
1754 1198 1987 1267 quidam
2039 1186 2354 1250 'memoriae
2410 1194 2796 1261 tradiderunt,

516 1294 835 1366 Cethegum.
928 1293 1044 1352 Sed
1080 1298 1227 1352 enim
1276 1296 1518 1355 Catilina
1552 1298 1822 1369 deficiens
1859 1298 1927 1353 ab
1959 1286 2035 1352 ¹re
2076 1315 2134 1368 p.
2181 1312 2242 1352 se
2283 1297 2361 1351 ad
2391 1312 2558 1351 arma
2601 1302 2798 1352 eontu—

515 1399 692 1464 lerat,
763 1396 1040 1471 Cetbeyus
1094 1414 1317 1471 quoque
1370 1402 1431 1455 in
1488 1402 1688 1457 eadem
1741 1400 2206 1471 perseveratione
2260 1404 2634 1468 consumptus
2695 1403 2798 1453 est.

516 1498 661 1566 Quae
706 1498 811 1553 iarn
854 1517 900 1555 c.
946 1505 1015 1559 32
1055 1499 1151 1555 Dio
1196 1508 1397 1563 narrat,
1458 1520 1521 1557 ea
1573 1519 1638 1557 ex
1681 1501 1786 1557 Cic.
1837 1502 1891 1556 in
1934 1500 2046 1556 Cat.
2090 1500 2111 1554 Ι
2153 1506 2202 1561 8,
2255 1506 2316 1560 19
2359 1498 2580 1572 cognita
2625 1505 2799 1561 erant,

517 1608 573 1655 et
619 1617 757 1673 quae
802 1600 1146 1677 adiectaaut
1175 1610 1380 1658 mutata
1424 1611 1576 1665 sunt,
1613 1610 1763 1659 certe
1804 1620 1914 1659 non
1950 1602 2018 1657 ab
2050 1600 2309 1657 Sallustio
2345 1608 2576 1675 sumpta.
2640 1600 2799 1656 Post-

518 1719 679 1775 quam
735 1700 904 1775 igitur
952 1702 1048 1759 Dio
1098 1721 1248 1760 reum
1303 1705 1503 1760 factum
1569 1722 1690 1761 esse
1741 1703 2023 1761 Catilinam
2074 1703 2313 1759 narravit
2374 1733 2447 1743 —
2505 1700 2615 1758 alio
2671 1720 2801 1759 con-

518 1819 661 1859 nexu
700 1820 860 1876 quam
904 1801 1195 1861 Sallustius
1246 1836 1319 1846 —
1360 1814 1474 1863 tum
1508 1807 1638 1879 quid
1675 1807 1722 1863 is
1757 1811 2052 1880 propterea
2097 1805 2346 1867 fecisset,
2405 1822 2471 1861 ex
2513 1804 2622 1860 alio
2671 1803 2803 1861 scri-

518 1913 679 1979 ptore
735 1904 1093 1979 interposuit,
1166 1906 1269 1962 iam
1332 1908 1473 1981 apud
1533 1926 1656 1964 eum
1719 1906 2014 1979 leguntur,
2075 1924 2142 1964 ex
2187 1906 2383 1979 quihus
2435 1906 2804 1979 potissumum

519 2005 783 2063 Linkerus
838 2006 1144 2071 conclusit,
1208 2026 1368 2082 quem
1427 2010 1673 2065 ordinem
1724 2026 1906 2064 rerum
1958 2009 2100 2083 apud
2141 2007 2457 2064 Sallustium
2503 2006 2802 2094 invenerit:

500 2097 619 2175 ‘529
654 2092 708 2161 δ’
749 2093 925 2164 οὐδέν
960 2105 1025 2163 οἱ
1046 2126 1368 2185 προεχωρει
1412 2110 1730 2185 (largiamur
1767 2110 1901 2167 haec
1943 2128 2007 2167 ex
2045 2109 2152 2166 illis
2205 2111 2302 2167 ubi
2341 2110 2520 2164 multa
2566 2110 2810 2182 ayitanti

520 2210 665 2266 nihil
696 2213 959 2281 procedit
1000 2230 1264 2269 convorsa
1304 2212 1445 2286 esse)
1496 2244 1570 2253 —
1631 2198 1666 2267 ό
1693 2229 1754 2267 τε
1781 2229 1894 2286 γαρ
1943 2209 2282 2278 Λεντοῦλος
2322 2203 2619 2284 φοβηθεις
2660 2199 2802 2264 ὑπε-

521 2285 782 2367 στέλλετο
827 2306 929 2366 καὶ
982 2298 1012 2367 ὃ
1054 2310 1390 2381 Λεντοῦλος
1433 2302 1644 2386 ἥκιστα
1687 2303 2037 2387 δραστήριος
2082 2294 2157 2386 ἦν
2198 2312 2350 2385 (haec
2395 2313 2512 2386 ipse
2565 2311 2806 2385 scriptor

522 2412 755 2475 aliunde,
797 2430 909 2469 non
952 2431 1016 2469 ex
1060 2414 1319 2471 Sallustio
1354 2414 1568 2487 adiecit)
1604 2446 1677 2456 —
1709 2416 1991 2489 προεῖπεν
2025 2402 2226 2482 αὐτοῖς
2255 2398 2466 2480 νυκτὸς
2499 2408 2580 2480 εἰς
2611 2408 2806 2468 οἰκίαν

524 2502 658 2568 τινὰ
710 2511 1060 2588 συλλεγῆναι
1105 2513 1214 2587 (eis
1258 2516 1391 2572 adeo
1447 2516 1601 2572 Link.
1647 2519 1860 2573 censuit
1909 2516 2219 2573 confirmari
2263 2512 2514 2571 Palmerii
2558 2514 2806 2571 emenda-

525 2614 733 2671 tionem
756 2616 1095 2687 intempesta
1126 2624 1289 2673 nocte
1314 2620 1727 2674 coniurationis
1741 2609 2044 2689 principes
2069 2622 2345 2675 convocat
2357 2632 2540 2688 penes
2563 2616 2643 2672 M.
2659 2618 2805 2673 Por-

526 2718 675 2773 cium
708 2716 972 2773 Laecam.
1030 2717 1173 2772 Nihil
1199 2718 1515 2782 tribuamus,
1557 2720 1698 2793 quod
1730 2738 1851 2776 eum
1893 2720 2166 2776 hominem
2202 2736 2313 2774 non
2355 2718 2601 2774 nominat
2634 2716 2805 2789 Dion),

528 2811 631 2873 καὶ
669 2805 877 2873 λαθών
919 2805 1024 2874 τὸν
1056 2814 1358 2900 Μέτελλον
1398 2820 1611 2895 (rursus
1655 2820 1924 2897 subplevit
1969 2819 2316 2892 Sallustium)
2363 2798 2518 2892 ἦλθέ
2558 2836 2617 2874 τε
2661 2806 2808 2892 πρὸς

527 2905 745 2988 αὖτοὺς
800 2913 899 2975 καὶ
944 2914 1249 2995 ἐπετίμησε
1294 2920 1500 2994 σφίσιν
1544 2916 1644 2979 ἐπί
1685 2932 1744 2977 ’τε
1790 2918 1864 3001 τῇ
1907 2910 2156 2999 ἀτολμίᾳ
2189 2915 2290 2977 καὶ
2321 2914 2415 2975 ἐπὶ
2445 2916 2519 2999 τῇ
2548 2916 2809 2997 μαλακίᾳ

530 3022 683 3096 (haec
726 3021 921 3078 similia
963 3031 1091 3080 sunt
1115 3023 1241 3081 Sall.
1285 3026 1473 3097 ibique
1511 3028 1701 3093 mulla
1725 3026 1794 3081 de
1838 3026 2068 3097 iynavia
2112 3039 2308 3086 eorum
2347 3021 2649 3095 questus),
2689 3010 2804 3074 κᾶκ

530 3115 743 3180 τούτου
787 3115 1107 3195 διεξελθών
1154 3115 1263 3181 ’ὅσα
1304 3144 1365 3181 τε
1409 3120 1706 3182 πείσοιντο
1752 3119 2134 3203 φωραθέντες
2179 3117 2280 3179 καὶ
2326 3112 2481 3179 ὅσων
2513 3114 2808 3191 τεύξοιντο

529 3217 1017 3301 κατορθώσαντες
1063 3228 1217 3302 (haec
1266 3246 1330 3284 ex
1372 3228 1622 3286 oratione
1665 3245 1710 3283 c.
1755 3234 1827 3287 20
1868 3246 1952 3301 ap.
1999 3225 2125 3281 Sall.
2166 3226 2272 3283 huc
2311 3225 2482 3282 relata
2525 3224 2807 3287 videntur;

532 3346 691 3404 quam
722 3336 848 3402 apte
884 3348 985 3403 pro
1023 3330 1117 3393 eiS,
1168 3347 1304 3403 quae
1347 3330 1474 3385 Sall.
1520 3328 1802 3385 Catilinam
1845 3330 1900 3385 in
1931 3329 2246 3384 Ciceronem
2287 3328 2515 3383 iactasse
2547 3342 2809 3382 memora-

528 3432 622 3493 vit,
654 3429 895 3485 subiecta
924 3432 1049 3493 sint,
1084 3430 1258 3504 quivis
1294 3429 1530 3517 sentiet),
1566 3417 1750 3497 οὕτως
1781 3416 2000 3497 αὐτους
2029 3446 2130 3484 και
2157 3422 2446 3511 ἐπέρρωσε
2474 3444 2577 3482 και
2609 3444 2808 3501 παρω-

531 3532 705 3603 ξυνεν
757 3529 833 3603 (at
885 3531 1175 3587 Sallustius
1206 3534 1542 3604 perterritis
1584 3533 1762 3606 inquit
1807 3540 1861 3589 el
1913 3532 2303 3589 dubitantibus
2356 3529 2630 3601 ceteris),
2658 3512 2806 3584 ὥσθ’

514 3622 897 3709 ,υποσχέσθαι
936 3625 1040 3688 δύο
1076 3651 1241 3701 τινας
1285 3632 1524 3707 (nomina
1565 3652 1664 3690 cur
1687 3616 2023 3709 '‘subpressit,
2061 3632 2382 3708 praesertim
2425 3648 2544 3687 cum
2583 3628 2811 3687 aliorum

532 3736 873 3795 narrationes
918 3735 1197 3809 corrigere
1240 3742 1429 3809 posset
1444 3734 1488 3809 ‘?)
1533 3730 1592 3803 ἐς
1621 3753 1680 3790 τε
1721 3722 1832 3809 τὴν
1863 3732 1970 3791 τοῦ
2007 3728 2340 3809 Κικέρωνος
2372 3728 2566 3788 οἰκίαν
2595 3750 2719 3804 αμα
2743 3727 2814 3808 τῇ

534 3829 723 3920 ἡμέρα
779 3838 864 3911 (at
912 3837 1037 3893 Sall.
1086 3855 1147 3893 ea
1191 3844 1352 3893 nocte
1389 3840 1571 3910 paulo
1617 3844 1770 3908 post.
1858 3838 1995 3893 Num
2050 3836 2145 3892 Dio
2201 3835 2516 3892 Sallustium
2563 3851 2628 3889 ex
2672 3833 2809 3888 Plut.

534 3944 638 4000 Cic.
687 3950 751 4004 16
808 3934 1001 3997 ἕωθεν
1044 3940 1347 3998 correxisse
1403 3958 1526 3997 cum
1572 3940 1807 3996 Linkero
1851 3939 2175 3996 censendus
2203 3936 2357 4009 est?)
2405 3924 2630 4007 έσηξειν
2667 3922 2810 3989 κάν-

535 4042 734 4100 ταῦθα
762 4030 945 4101 αὐτὸν
982 4032 1313 4115 φονεύσειν.
1374 4038 1447 4119 [c.
1491 4036 1588 4116 33]
1627 4028 1737 4107 ,Ως
1777 4034 1840 4095 δὲ
1883 4058 1984 4096 και
2025 4036 2199 4095 τοῦτο
2242 4023 2638 4114 προεμηνύθη
2686 4033 2812 4107 (cur

535 4146 749 4203 tandem
793 4147 907 4209 Dio,
948 4146 995 4203 si
1040 4143 1165 4200 Sall.
1211 4143 1354 4199 libro
1398 4161 1531 4199 usus
1575 4149 1676 4204 est,
1711 4160 1834 4199 cum
1875 4160 1942 4197 ex
1981 4159 2047 4197 eo
2094 4140 2313 4195 haurire
2358 4144 2548 4213 posset
2591 4136 2812 4192 Curium

534 4265 635 4323 per
677 4248 913 4304 Fulviam
950 4246 1281 4309 enuntiasse,
1326 4245 1458 4301 haec
1502 4244 1689 4319 potius
1735 4243 1956 4300 adiecit:
2001 4229 2176 4333 ὃγᾷρ
2208 4233 2499 4317 Κικέρων,
2529 4224 2683 4293 πολὺ
2714 4231 2811 4291 δυ-
