3042 4917
907 310 1522 355 conmnN'rA‘rmuuM
1570 278 1711 350 oAP'.
1754 308 1826 349 11.
2428 284 2511 365 27
2592 331 2602 339 ..

1311 388 1320 397 .
1950 378 1969 399 ,

2039 397 2111 450 ,Ο

222 462 556 531 insolentius
601 470 707 527 dici
747 473 966 525 tantam
1009 482 1130 523 rem
1169 466 1364 539 effecit
1406 482 1565 521 nemo
1608 462 1846 537 negabit,
1878 438 1977 517 ‘set
2020 458 2183 517 simili
2214 460 2375 516 modo
2406 459 2512 517 Cic.

219 576 357 633 Phil.
400 575 444 630 11
486 581 572 635 42,
614 578 740 633 109:
787 572 1090 642 statimque
1133 571 1234 625 illa
1279 568 1566 624 mirabilia
1603 566 1879 639 facinora
1928 563 2137 635 effecit.

392 678 572 749 Pergo
602 674 668 729 ad
709 690 835 730 eum
862 673 1044 728 locum
1073 672 1186 745 lug.
1220 670 1314 729 ubi
1355 648 1543 726 libros*
1572 686 1733 725 manu
1764 666 2001 742 scriptos
2042 665 2335 722 lacunosos
2376 680 2514 729 esse,

224 798 337 854 quo
381 784 469 833 est
507 776 693 850 ingeni
739 774 984 831 acumine
1027 774 1237 848 primus
1271 772 1510 829 ostendit
1540 770 1808 829 Linkerus
1850 769 1981 843 (Em.
2025 787 2097 825 vzu
2128 766 2254 825 Sall.
2285 767 2511 825 Vindob.

224 879 404 953 1854),
452 897 498 935 c.
545 884 630 940 93,
676 884 751 938 8.-
814 876 946 931 Nam
973 876 1229 950 »quamvis
1271 890 1334 930 ex
1379 874 1474 937 eis,
1519 891 1656 949 quae
1700 873 1841 929 infra
1885 878 2193 935 narrantur,
2240 871 2373 929 satis
2424 870 2515 927 ad-

224 990 435 1058 pareat,
495 996 634 1055 quae
679 978 880 1035 Marius
930 978 996 1034 ad
1041 977 1371 1052 capiundum
1413 975 1714 1033 castellum·
1737 976 1939 1049 Ligure
1992 982 2217 1031 auctore
2270 982 2327 1031 et
2377 974 2515 1030 duce

222 1084 472 1141 instituit
521 1100 586 1138 eo
633 1087 938 1155 spectasse,
995 1087 1058 1136 ut
1101 1076 1358 1136 Numidae
1413 1078 1479 1135 ab
1540 1086 1697 1153 tergo
1748 1086 2093 1137 terrerentur
2136 1076 2309 1150 magis
2356 1093 2518 1149 quam

227 1188 670 1261 inpugnarentur
713 1180 817 1254 (94,
858 1181 930 1255 5),
967 1189 1024 1238 et
1065 1182 1306 1257 quamvis
1347 1198 1468 1237 cum
1512 1181 1633 1237 aliis
1680 1199 1744 1237 ex
1786 1181 1967 1245 rebus,
2014 1188 2128 1237 tum
2166 1196 2232 1235 ex
2269 1179 2389 1252 ipsa
2426 1178 2519 1234 de-

224 1288 531 1361 scriptione
577 1283 948 1356 adscensionis
999 1281 1113 1355 (94,
1158 1283 1213 1357 2)
1265 1283 1519 1355 exiguum
1564 1292 1849 1341 numerum
1894 1280 2300 1341 escendentium
2348 1280 2519 1337 fuisse

225 1390 350 1447 luce
393 1386 595 1445 clarius
641 1387 744 1449 sit,
811 1390 988 1440 tamen
1037 1384 1278 1459 quinque
1327 1384 1656 1443 tubicinibus
1709 1376 1820 1441 non
1862 1384 1985 1459 plus
2028 1392 2289 1459 quattuor
2330 1391 2519 1442 centu·

224 1492 416 1547 riones
450 1494 673 1563 praeter
707 1488 964 1560 Ligurem
1002 1487 1230 1543 comites
1275 1487 1433 1543 datos
1490 1506 1613 1544 esse
1662 1504 1786 1543 cum
1836 1504 1938 1561 per
1990 1504 2048 1551 se
2085 1486 2401 1559 incredibile
2444 1486 2520 1541 vi-

221 1594 389 1649 detur
448 1598 563 1647 tum
619 1588 896 1646 Frontini·
925 1589 1242 1659 testimonio
1297 1588 1567 1663 (Strateg.
1611 1589 1677 1644 111
1714 1596 1775 1652 9,
1822 1588 1887 1661 3)
1938 1589 2311 1663 redarguitur,
2359 1606 2521 1663 quem

225 1710 558 1769 quamquam
603 1690 827 1747 Sallusti
881 1690 1042 1746 verba
1097 1690 1284 1747 multis
1335 1692 1515 1749 modis
1566 1691 1905 1748 contraxisse
1953 1699 2009 1747 et
2056 1692 2293 1748 variasse
2334 1708 2521 1749 manu-

223 1798 432 1854 festum
477 1800 579 1857 est,
629 1801 805 1849 tamen
849 1792 906 1847 in
947 1809 1006 1847 re
1047 1792 1114 1847 ab
1150 1792 1245 1848 illo
1293 1794 1575 1851 aberrasse
1620 1812 1849 1869 prorsus
1893 1794 1959 1850 ab
2002 1794 2148 1850 omni
2186 1794 2298 1850 veri
2343 1793 2523 1881 specie

227 1898 512 1953 abhorret.
595 1894 772 1963 Quare
812 1893 1082 1951 Linkerus
1125 1892 1559 1951 emendationem
1612 1895 1678 1952 ab
1732 1895 2117 1972 Oudendorpio
2160 1896 2521 1971 propositam,

225 2006 314 2055 set
349 2004 546 2072 postea
588 1996 850 2053 abiectam
893 1996 1126 2069 recepit:
1169 1998 1362 2067 itaque
1405 2011 1483 2051 ex
1519 2000 1688 2069 copia
1720 1995 2032 2054 tubicinum
2074 2004 2131 2054 et
2166 1999 2523 2055 cornicinum

225 2115 470 2157 numero
507 2099 756 2170 quinque
796 2099 1108 2170 militesque
1142 2115 1313 2169 quam
1345 2100 1746 2156 velocissumos
1775 2100 1981 2172 deleyit
2021 2106 2123 2156 cet.
2198 2099 2369 2168 Quam
2401 2115 2523 2155 sen-

226 2201 472 2265 tentiam,
523 2200 764 2276 quamvis
809 2197 1052 2255 Kritzius
1097 2200 1359 2257 adsensus
1391 2201 1478 2264 sit,
1525 2220 1633 2276 q-uo
1666 2202 1845 2259 minus
1884 2197 2219 2278 conprobem
2258 2201 2343 2257 his
2370 2190 2524 2256 caus-

227 2306 306 2360 sis
365 2302 634 2379 inpcdior.
727 2300 969 2357 Primum
1025 2302 1170 2357 enim
1231 2302 1392 2359 verba
1441 2306 1741 2375 ²praesidio
1798 2305 1900 2375 qui
1948 2302 2148 2375 forent
2199 2302 2335 2359 illud
2378 2302 2525 2376 quod

227 2406 503 2461 Linkerus
548 2403 750 2465 voluit,
813 2403 909 2476 qui
950 2412 1269 2477 praeessent
1313 2413 1369 2461 et
1413 2406 1643 2462 consilio
1692 2406 1975 2481 negotium
2020 2412 2305 2478 regerent,
2365 2402 2525 2461 simul

227 2526 299 2564 ne
348 2507 478 2581 quid
526 2515 728 2563 temere
772 2501 928 2560 fieret
973 2513 1240 2568 caverent,
1304 2506 1610 2581 significare
1656 2508 1809 2565 nullo
1861 2508 2024 2565 modo
2071 2496 2367 2565 concedere
2399 2524 2527 2582 pos·

228 2628 371 2666 sum.
461 2608 591 2664 Nam
628 2608 972 2678 praesidere
1015 2614 1162 2663 recte
1206 2608 1252 2663 is
1293 2609 1520 2672 dicitur,
1569 2610 1660 2684 qui
1700 2611 1755 2667 in
1796 2609 1975 2684 aliqua
2018 2610 2244 2683 regione
2281 2626 2403 2666 cum
2446 2608 2527 2663 in-

228 2711 391 2787 perio
431 2717 544 2772 est,
591 2726 699 2783 quo
744 2717 839 2765 aut
874 2707 1116 2765 hostium
1156 2710 1498 2767 incursiones
1528 2712 1781 2768 defendat
1823 2720 1915 2769 aut
1952 2712 2245 2769 seditiosos
2280 2717 2530 2769 coerceat

230 2821 287 2869 et
334 2812 634 2886 obprimat,
689 2817 752 2865 ut
789 2810 901 2865 Cat.
947 2815 1012 2870 57
1032 2853 1044 2873 ,
1092 2817 1126 2868 2
1184 2812 1246 2879 Q.
1296 2812 1563 2870 Metellus
1607 2813 1769 2871 Celer
1819 2832 1948 2871 cum
1990 2814 2176 2871 tribus
2218 2814 2530 2887 leyionibus

228 2918 292 2971 in
347 2931 490 2987 ayro
546 2914 760 2969 Piceno
807 2913 1187 2983 praesidebat
1242 2922 1297 2970 et
1343 2914 1430 2971 Fr.
1475 2915 1519 2971 ΙΙ
1560 2922 1630 2975 28
1668 2914 1991 2990 (Metellus)
2041 2916 2327 2973 Titurium
2376 2916 2529 2988 lequ-

232 3023 353 3073 tum
395 3033 529 3072 cum
573 3014 902 3070 cohortibus
944 3014 1072 3071 XV
1117 3017 1178 3070 in
1224 3016 1525 3073 Celtiberia
1581 3018 1820 3074 hiemem
1878 3034 2052 3091 ayere
2099 3019 2263 3073 iussit
2296 3020 2529 3089 praesi-
2610 3054 2635 3060 -

231 3120 460 3174 dentem
503 3118 688 3174 socios
733 3114 851 3187 (cfr.
899 3123 1182 3189 praeterea
1205 3117 1433 3175 Miltzell.
1481 3120 1547 3176 ad
1590 3118 1737 3175 Gurt.
1780 3120 1845 3176 111
1891 3128 1936 3184 l,
1982 3126 2065 3179 20.
2111 3119 2155 3172 V
2184 3125 2233 3181 2,
2285 3118 2401 3192 16);
2436 3120 2529 3192 qui

233 3219 504 3276 militibus
549 3220 603 3273 in
648 3218 991 3292 expeditione
1039 3218 1112 3273 ita
1154 3228 1432 3292 praesunt,
1475 3228 1538 3277 ut
1585 3222 1689 3295 ipsi
1737 3239 1913 3296 neque
1950 3220 2238 3278 stationem
2277 3221 2528 3284 habeant,

234 3338 414 3395 neque
457 3326 664 3378 certam
707 3327 915 3393 partem
960 3318 1042 3375 vel
1075 3320 1355 3393 regionem
1399 3331 1611 3386 curent,
1654 3330 1739 3379 set
1780 3341 1930 3380 suam
1962 3340 2182 3398 operam
2222 3322 2529 3386 adhibeant,

227 3424 540 3497 praesides
561 3420 820 3495 adpellari
847 3429 1142 3496 nequeunt.
1198 3421 1263 3478 Et
1284 3441 1422 3497 quos
1451 3426 1665 3482 tandem
1689 3424 1755 3481 ab
1788 3424 2203 3511 centurionibus
2236 3426 2343 3482 illis
2376 3433 2533 3500 quat-

237 3532 366 3583 tuor
403 3522 639 3581 consilio
684 3530 866 3579 rectos
909 3524 1181 3597 opineris,
1225 3543 1348 3582 cum
1392 3527 1583 3600 Liguri
1625 3521 1813 3585 omnes
1853 3544 2046 3603 parere
2086 3528 2145 3583 G.
2186 3529 2385 3586 Marius
2420 3529 2532 3585 ius·
2606 3530 2615 3539 “

235 3626 408 3683 serit?
493 3626 576 3680 An
624 3626 858 3681 fortasse
899 3625 1252 3683 centuriones
1293 3628 1532 3685 adiuncti
1570 3636 1724 3693 sunt,
1786 3640 1849 3687 ut
1892 3649 1959 3687 ne
2004 3639 2323 3689 aeneatores
2366 3638 2531 3705 atque

237 3727 440 3785 milites
475 3726 666 3800 Liguri
697 3726 956 3783 oboedire
1000 3736 1317 3785 recusarent
1345 3732 1627 3787 caverent?
1696 3732 1951 3789 Profecto
1982 3751 2104 3790 cum
2146 3732 2325 3789 verbis
2357 3748 2532 3805 prae-

236 3832 380 3887 sidio
427 3831 532 3901 qui
567 3827 768 3900 forent
801 3846 904 3884 eos
951 3829 1287 3905 significatos
1332 3848 1480 3895 esse,
1542 3834 1633 3907 qui
1679 3832 2037 3897 tubicinibus,
2096 3853 2164 3892 ne
2207 3834 2335 3890 dum
2376 3834 2531 3907 signa

237 3940 496 3988 canerent
545 3932 780 3987 inermes
825 3931 960 3987 adeo
1015 3930 1082 3986 ab
1135 3932 1527 3991 infirmissumo
1582 3952 1783 4009 genere
1828 3937 2234 3998 occidere-ntur,
2287 3934 2532 3991 volnera·

241 4042 447 4097 rentur,
492 4032 936 4095 deturbarentur,
983 4034 1175 4089 armati
1208 4034 1374 4091 additi
1409 4045 1610 4101 essent,
1657 4043 1914 4093 constans
1958 4056 2081 4095 cum
2124 4036 2363 4094 omnium
2399 4036 2532 4093 scri-

243 4143 464 4209 ptorum
508 4143 624 4190 tum
671 4134 894 4191 Sallusti
941 4152 1075 4191 usus
1111 4136 1464 4201 demonstret,
1512 4137 1831 4196 vocabulum
1871 4141 2075 4195 milites
2116 4156 2225 4194 non
2272 4154 2339 4194 60
2387 4137 2529 4202 1060,

246 4254 350 4309 quo
381 4235 652 4293 Linkerus
675 4236 902 4300 censuit,
941 4237 1218 4301 excidisse,
1252 4246 1335 4295 set
1364 4256 1486 4295 cum
1518 4241 1947 4297 centurionibus
1972 4241 2321 4298 coniunctum
2357 4240 2531 4297 fuisse

243 4338 626 4395 certissumum
663 4338 892 4395 videtur.
967 4338 1104 4396 Tum
1146 4340 1293 4413 quod
1329 4340 1384 4396 in
1415 4340 1434 4395 l
1479 4344 1710 4410 milium,
1758 4341 1812 4398 in
1851 4343 1901 4399 h·
1926 4343 2081 4399 milia
2120 4348 2248 4417 post
2282 4344 2534 4415 quinque

2712 886 2743 911 ὑ
2783 875 2794 885 .
