3042 4917
541 253 623 318 26
741 248 750 256 ’
837 258 865 291 ¹*
914 294 925 311 ο
1223 275 1828 320 OONMENTATIONUM
1875 278 2024 319 OAP.
2073 282 2144 322 11.
2273 247 2300 274 ⁸

1408 367 1434 398 a
1546 377 1554 390 .

540 448 679 505 quae
733 431 881 487 forte
930 406 1375 494 mutentiir,⁰'eis
1429 412 1566 487 locis
1619 431 1826 506 obponi
1893 450 2032 507 quae
2089 450 2304 507 semper
2375 432 2616 507 praealta
2691 436 2821 491 sint.

536 532 709 601 Quam
754 540 937 589 autem
984 532 1112 589 olim
1146 532 1262 607 ipse
1304 532 1401 591 inii
1432 532 1807 609 expediundae·
1831 534 2168 591 difficultatis
2205 535 2490 598 rationem,
2520 554 2643 593 eum
2677 538 2827 593 alius

538 635 705 691 semel
748 634 881 710 poni
922 642 979 690 et
1020 636 1085 691 ad
1129 635 1459 710 praecedens
1503 634 1804 692 membrum
1849 637 2024 696 audiri
2069 636 2206 700 dixi,
2267 654 2384 693 eam
2416 655 2562 696 nunc
2606 638 2826 712 quidem

537 736 896 795 abiiciundam
937 740 1161 812 censeo,
1214 737 1416 812 quippe
1458 754 1582 796 cnm
1625 736 2016 802 intellexerim,
2067 756 2299 813 prorsus
2350 738 2564 795 divorsa
2613 740 2680 795 ab
2721 740 2828 796 hoc

537 838 660 895 loco
706 857 769 897 ea
804 839 1061 912 exempla
1104 856 1251 901 esse,
1311 840 1366 895 in
1414 840 1612 914 quibus
1655 834 1779 897 cuin
1813 848 1970 897 antea
2011 842 2078 897 de
2127 848 2244 897 toto
2289 840 2496 898 dietum
2535 848 2648 903 est,
2711 848 2827 897 tum

536 940 605 997 de
643 948 801 1016 parte
853 940 1059 1015 aliquid
1118 938 1398 1016 singulare
1453 940 1688 999 adicitur
1739 940 1868 1015 (Liv.
1911 943 1954 997 V
1994 949 2089 1007 21,
2121 950 2171 1003 4.
2215 942 2614 1017 Nipperdeiad
2657 942 2825 999 Tacit.

539 1042 611 1099 ab
656 1060 765 1099 exc.
812 1043 864 1099 d.
910 1042 1049 1115 Aug.
1097 1042 1127 1099 Ι,
1166 1041 1368 1116 17;·1).
1424 1030 1631 1117 'Igitur
1681 1043 1786 1101 iam
1829 1044 2099 1101 librorum
2142 1062 2306 1101 manu
2351 1043 2690 1119 scriptorum
2723 1060 2827 1101 -na-

541 1152 663 1201 tura
706 1144 903 1202 melius
945 1141 1231 1219 perspecta
1273 1144 1431 1203 facile
1474 1145 1541 1201 ad
1573 1160 1713 1203 'eam
1757 1147 2082 1203 sententiam
2124 1148 2387 1203 adductus
2440 1162 2562 1203 sum
2605 1152 2670 1201 ut
2709 1147 2828 1201 alia

508 1246 799 1303 *excidisse
836 1254 1149 1309 statuerem.
1238 1245 1393 1314 Quod
1432 1266 1556 1305 cum
1588 1248 1875 1306 exhibeant
1915 1243 1981 1322 g2
2021 1256 2078 1306 et
2124 1247 2170 1311 l,
2209 1256 2389 1305 tamen
2432 1248 2689 1337 audacius
2731 1247 2827 1303 ali-

540 1349 662 1424 quis
708 1348 831 1406 inde
874 1366 969 1407 eos
1024 1364 1089 1407 ex
1144 1348 1369 1406 meliore
1418 1350 1710 1427 exemplari
1761 1368 1922 1425 quam
1975 1350 2214 1408 relicuos
2275 1349 2448 1406 libros
2509 1349 2818 1424 exscriptos

536 1466 657 1507 esse
702 1451 984 1555 opinetg;
1038 1451 1254 1510 cautius
1308 1451 1521 1510 videtur
1578 1452 1818 1510 iudicare
1879 1452 2136 1509 librarios
2195 1452 2460 1527 quosdam
2517 1451 2648 1525 quid
2703 1468 2827 1507 sen-

538 1552 707 1607 tentia
743 1551 1051 1626 postularet
1086 1560 1243 1611 acute
1282 1554 1639 1628 perspexisse.
1722 1555 1974 1611 Ceterum
2015 1554 2095 1611 illi
2131 1553 2492 1611 emendationi
2533 1570 2645 1609 non
2688 1552 2827 1609 nihil

537 1653 1003 1711 nomenclationis
1062 1654 1267 1714 accedit
1321 1654 1389 1711 ab
1444 1656 1744 1732 chiasmoss
1774 1656 1932 1713 cuius
1983 1655 2303 1713 Sallustium
2344 1654 2826 1713 studiosissumum

538 1755 709 1812 fuisse
744 1761 975 1813 constat.

707 1908 823 1982 Ing.
865 1914 949 1971 81,
982 1915 1017 1967 2
1053 1909 1145 1983 qui
1192 1908 1352 1967 verba
1396 1914 1479 1970 eis
1522 1916 1695 1985 atque
1738 1913 1866 1968 aliis
1902 1912 2110 1967 talibus
2152 1900 2317 1967 dic'tis
2360 1911 2438 1965 ad
2470 1908 2684 1965 Cirtam
2725 1927 2824 1981 op-

533 2014 733 2085 pidum
790 2013 901 2067 iter
942 2014 1324 2082 constituunt,
1377 2015 1532 2085 quod
1577 2015 1657 2070 ibi
1705 2012 1969 2069 Metellus
2020 2014 2308 2084 praedam
2355 2014 2723 2083 captivosque
2770 2017 2826 2067 et

536 2116 923 2185 inpedimenta
966 2115 1283 2183 locaverat,
1327 2116 1409 2171 uti
1447 2114 1610 2189 volgo
1654 2116 1920 2178 eduntur,
1969 2114 2193 2187 legerit,
2246 2113 2496 2190 profecto
2541 2130 2701 2169 nemo
2743 2112 2825 2167 os-

538 2216 739 2273 tendet.
828 2216 922 2272 Set
954 2214 1111 2273 multi
1154 2217 1315 2292 eique
1354 2216 1484 2273 boni
1520 2215 1648 2273 libri
1687 2218 1768 2272 ibi
1808 2216 1872 2283 Q.
1905 2215 2170 2272 Metellus
2217 2214 2484 2291 praebent
2519 2232 2698 2289 neque
2746 2215 2824 2269 in-

539 2318 820 2392 tellegitur
865 2316 994 2392 quid
1042 2319 1256 2375 tandem
1300 2318 1557 2375 librarios
1601 2335 1816 2374 movere
1852 2317 2127 2392 potnerit,
2175 2318 2257 2373 uti
2299 2326 2492 2374 contra
2537 2316 2822 2390 scriptoris

535 2406 1134 2477 constantem'morem
1190 2438 1522 2494 praenomen
1574 2420 1680 2477 hoc
1738 2419 1861 2476 loco
1917 2420 2207 2476 adicerent.
2310 2419 2526 2476 Scilicet
2585 2414 2708 2483 cum
2769 2418 2821 2472 in

538 2520 817 2577 nonnullis
856 2520 1013 2577 libris
1050 2529 1214 2595 atque
1260 2523 1315 2577 in
1361 2520 1602 2579 omnium
1647 2522 2048 2595 antiquissumo
2089 2522 2131 2577 P
2176 2522 2442 2596 scriptum
2502 2520 2575 2577 sit
2619 2522 2820 2593 ibique,

536 2622 903 2679 manufestum
946 2629 1046 2685 est,
1088 2622 1143 2678 iri
1184 2623 1480 2697 archetypo
1529 2623 1582 2679 id
1627 2624 1775 2697 quod
1813 2624 1878 2680 ad
1916 2625 2104 2696 ibique
2149 2624 2462 2681 adiunctum
2506 2630 2678 2685 esset,
2738 2640 2821 2678 ex-

536 2723 730 2780 cidisse
776 2731 831 2779 et
871 2741 993 2780 cum
1032 2730 1087 2797 ς’
1134 2724 1263 2799 quid
1303 2724 1407 2780 sibi
1449 2723 1638 2787 vellet,
1685 2742 1797 2781 non
1832 2725 2268 2800 perspiceretur,
2324 2724 2447 2780 inde
2493 2740 2821 2799 praenomen

538 2824 673 2882 illud
721 2826 923 2893 factum
968 2843 1103 2881 esse.
1181 2826 1247 2883 Et
1294 2826 1459 2901 quid?
1516 2844 1645 2883 num
1700 2826 2014 2884 incredibile
2058 2834 2171 2890 est,
2227 2825 2504 2883 Metellum
2555 2828 2820 2901 praedam,

536 2927 806 3003 captivoS,
859 2927 1223 3003 inpedimenta
1268 2946 1369 3004 per
1408 2929 1675 3003 conplura
1713 2928 1843 2984 ‘loca
1887 2928 2056 2985 divisa
2100 2929 2444 2992 conlocasse,
2505 2927 2822 3003 praesertim

533 3048 657 3088 cum
695 3030 1026 3105 inperatoris
1067 3032 1387 3106 prudentiae
1427 3030 1499 3087 sit
1537 3048 1741 3094 cavere,
1787 3046 1854 3085 ne
1895 3030 2118 3106 captivi,
2167 3030 2216 3086 si
2251 3031 2456 3087 maiore
2500 3048 2728 3086 numero
2769 3028 2821 3083 in

536 3151 704 3191 unum
744 3132 926 3189 locum
958 3134 1281 3209 congregati
1322 3134 1461 3195 sint,
1517 3132 1602 3189 vel
1646 3133 1808 3207 fugae
1863 3132 1945 3187 vel
1987 3132 2254 3189 tumultus
2295 3133 2635 3195 occasionem
2680 3132 2820 3187 inve-

534 3227 702 3292 nian‘t'.
794 3234 948 3303 Quod
984 3236 1029 3291 si
1078 3236 1181 3293 tale
1226 3235 1457 3310 aliquid,
1502 3243 1565 3292 ut
1625 3240 1680 3291 et
1734 3236 1793 3290 in
1851 3236 2050 3291 vicinis
2096 3236 2346 3291 castellis
2401 3233 2663 3291 excidisse
2717 3239 2822 3288 sta-

538 3337 817 3399 tuerimus,
864 3336 1189 3393 simillumus
1232 3336 1397 3393 huius
1440 3335 1552 3393 loci
1594 3335 1750 3393 color
1794 3343 1879 3393 est
1922 3344 2019 3400 89,
2061 3342 2092 3397 7
2139 3339 2200 3393 id
2239 3337 2428 3409 ibique
2473 3344 2530 3392 et
2571 3337 2631 3392 in
2677 3335 2826 3392 omni

536 3438 748 3511 Africa
784 3444 888 3494 cet.

704 3592 820 3665 lug.
852 3597 936 3653 92,
971 3596 1031 3649 11
1076 3606 1199 3646 cum
1242 3589 1466 3646 verbum
1506 3590 1562 3645 in
1607 3589 1780 3647 altera
1818 3598 1974 3666 parte
2017 3576 2821 3647 codicum-vetustissumorum

535 3712 765 3771 prorsus
810 3692 1071 3749 omissum
1114 3692 1213 3757 sit,
1272 3694 1327 3749 in
1377 3692 1548 3763 altera
1588 3696 1812 3767 pereyit
1865 3692 2109 3766 legatur,
2160 3699 2245 3748 set
2291 3691 2346 3747 in
2377 3684 2459 3761 ‚P1
2517 3690 2821 3766 posteriore

536 3814 697 3853 manu
740 3794 996 3858 additum,
1037 3795 1141 3852 hoc
1182 3812 1293 3851 non
1329 3795 1511 3852 minus
1549 3812 1710 3868 quam
1747 3796 2024 3866 patravit,
2063 3793 2212 3868 quod
2255 3794 2310 3849 in
2341 3794 2530 3867 paucis
2563 3808 2821 3849 esseme-

536 3899 741 3956 moriae
764 3896 1041 3973 proditum
1056 3906 1156 3961 est,
1184 3916 1294 3955 non
1320 3916 1383 3955 ex
1406 3892 1704 3970 archetypo
1729 3896 2002 3958 haustum,
2029 3903 2114 3952 set
2137 3896 2204 3952 ab
2225 3895 2360 3971 ipsis
2383 3893 2622 3950 librariis
2645 3894 2821 3950 inven-

535 4010 651 4059 tum
682 4018 821 4063 esse,
852 3999 1075 4056 verbum
1099 4001 1157 4057 in
1178 3999 1275 4057 illo
1300 4000 1652 4058 obscuratum
1672 3998 1843 4055 fuisse
1871 4005 1967 4055 aut
1996 3997 2260 4055 excidisse
2295 3997 2536 4070 adparet.
2595 3995 2750 4064 Quod
2779 3994 2820 4050 si

536 4105 591 4161 in
631 4102 723 4161 tali
754 4102 1135 4179 discrepantia,
1172 4104 1226 4159 id
1260 4102 1407 4178 quod
1436 4102 1616 4159 minus
1653 4106 1978 4159 consuetum
2011 4106 2111 4163 est,
2149 4098 2406 4173 quoniam
2441 4096 2822 4153 inlustratione

536 4224 701 4279 egere
744 4204 1045 4269 videbatur,
1091 4205 1289 4262 ceteris
1324 4203 1750 4279 praeferundum
1788 4220 1912 4259 esse
1954 4210 2102 4258 recte
2145 4200 2368 4258 criticae
2407 4198 2543 4255 artis
2579 4196 2822 4272 magistri

536 4306 897 4383 praecipiunt,
948 4305 1096 4381 quod
1140 4306 1197 4361 in
1238 4324 1291 4362 m
1336 4306 1614 4362 inventum
1648 4311 1734 4360 est
1762 4306 1957 4376 effecit
1987 4302 2364 4379 recipiundum
2397 4299 2624 4357 videtur.
2697 4298 2821 4355 Nam
