3042 4917
926 306 1536 353 connum-Ariona
1581 304 1724 349 car.
1755 302 1844 349 iv.
2447 282 2528 347 75

246 470 454 529 fratres
509 467 837 529 documenta
890 464 1209 541 Iugurtham
1264 461 1514 523 edidisse.
1613 462 1690 522 Ex
1743 483 1851 540 quo
1907 465 2013 523 hoc
2057 480 2290 539 quaero:
2349 478 2530 521 nonne

248 574 399 650 quod
451 572 713 645 Iugurtha
770 568 1003 627 familiae
1076 568 1311 642 gloriam
1374 576 1600 626 auxerat
1662 568 2041 643 Romanosque
2097 568 2148 624 ei
2205 568 2532 629 devinxerat,

248 678 415 735 etiam
453 674 643 731 liberis
684 673 981 746 Iugurthae
1018 670 1305 729 commodo
1350 678 1514 744 atque
1557 689 1796 727 summae
1841 672 2067 729 utilitati
2107 672 2354 729 futurum
2399 676 2532 731 erat,

247 788 314 837 ut
358 796 463 853 pro
502 776 611 833 illis
658 776 711 833 id
754 775 949 831 fecisse
992 774 1303 831 videretur?
1388 774 1586 829 Deinde
1632 792 1756 830 cum
1778 775 1920 831 infra
1964 774 2181 847 legatur
2221 776 2408 847 yloria
2451 775 2536 829 in-

251 884 465 941 vidium
511 880 719 945 vicisti,
777 894 959 933 nonne
1016 876 1329 951 quaerimus
1376 893 1610 952 quorum
1651 877 1932 933 hominum
1985 877 2268 933 invidiam?
2331 876 2536 933 Absur-

250 985 452 1041 dumne
510 988 594 1039 est
648 978 1015 1037 conciliandae
1070 978 1279 1052 gratiae
1336 996 1526 1035 caussa
1589 978 1696 1035 dici
1748 981 1946 1037 fratres
2005 997 2217 1037 omnem
2287 978 2537 1036 invidiam

251 1094 488 1162 propter
530 1081 823 1157 iugurthae
868 1081 1113 1155 gloriosa
1156 1080 1397 1137 facinora
1439 1081 1798 1156 deposuisse?

426 1188 540 1259 lug.
599 1194 689 1247 11,
734 1190 767 1243 6
826 1184 973 1258 quod
1021 1181 1293 1257 Hiempsal
1349 1183 1480 1239 dicit
1544 1186 1732 1256 ipsum
1792 1186 1950 1241 illum
2001 1184 2183 1241 tribus
2228 1187 2543 1256 proxumis

251 1291 429 1345 annis
465 1288 831 1358 adoptatione
872 1288 932 1342 in
969 1302 1207 1359 reqnum
1241 1290 1610 1358 pervenisse,
1669 1305 1897 1361 prorsus
1942 1295 2210 1361 repugnat
2253 1304 2416 1362 supra
2461 1288 2541 1343 di·

251 1392 361 1449 ctis
402 1398 453 1454 9,
496 1398 530 1450 3
572 1390 763 1462 Iyitur
805 1404 919 1445 rex
952 1390 1052 1446 ubi
1092 1405 1161 1445 ea
1205 1405 1354 1460 quae
1388 1388 1558 1461 fama
1603 1396 1914 1463 acceperat
1956 1405 2034 1445 ex
2063 1392 2269 1447 litteris
2305 1393 2541 1463 inpera-

252 1496 402 1551 toris
437 1496 523 1549 ita
566 1508 689 1548 esse
722 1494 1007 1563 coqnovit,
1062 1509 1191 1548 eum
1236 1493 1445 1547 virtute
1496 1499 1614 1549 tum
1657 1496 1850 1567 qratia
1895 1494 2006 1549 viri
2040 1498 2338 1564 permotus
2377 1497 2547 1567 flexit

254 1598 515 1653 animum
558 1611 725 1651 suum
768 1600 824 1651 et
854 1594 1199 1667 Iuyurtlzam
1236 1595 1513 1665 benificiis
1558 1598 1788 1652 vincere
1833 1598 2144 1668 adyressus
2195 1603 2280 1653 est
2327 1594 2544 1655 stativi-

255 1715 371 1772 que
416 1715 544 1757 eum
590 1700 883 1767 adoptavit
930 1704 984 1753 et
1038 1702 1373 1753 testamento
1424 1702 1655 1768 pariter
1707 1716 1836 1755 cum
1890 1700 2028 1769 filiis
2077 1700 2344 1757 heredem
2385 1705 2544 1759 insti-

256 1804 383 1858 tuit.
474 1794 635 1857 Guius
690 1799 1067 1873 pervorsitatis
1128 1800 1221 1872 qui
1270 1798 1485 1874 culpam
1542 1799 1828 1863 Sallustio,
1897 1800 2304 1860 florentissumo
2361 1821 2544 1861 rerum

257 1920 609 1960 romanarum
656 1901 893 1963 auctori,
957 1918 1115 1974 quam
1158 1900 1397 1959 librariis
1442 1905 1709 1978 inponere
1749 1900 1933 1965 malit,
1987 1904 2256 1960 neminem
2301 1906 2546 1962 futurum

256 2005 496 2064 confido.
582 2005 652 2060 At
698 2004 995 2077 quaeritur,
1044 2021 1179 2078 quae
1222 2004 1488 2061 medicina
1541 2005 1842 2061 adhibenda
1884 2004 1972 2059 sit.
2061 2005 2327 2062 Linkerus
2376 2008 2548 2081 igitur

257 2117 330 2171 9,
370 2116 403 2169 3
443 2107 692 2165 conrexit
732 2108 1073 2179 tandemque
1113 2122 1241 2162 eum
1288 2109 1598 2179 adoptavit.
1680 2106 1774 2163 Set
1818 2124 1997 2163 nonne
2045 2108 2218 2163 omnis
2266 2108 2374 2167 loci
2418 2128 2548 2167 con·

257 2228 431 2267 nexus
490 2209 613 2266 talis
667 2216 779 2271 est,
837 2216 898 2265 ut
950 2208 1096 2283 quod
1152 2208 1333 2264 statim
1394 2209 1584 2266 fecerit
1636 2209 1856 2283 Micipsa
1915 2219 2288 2285 exspectemus
2343 2214 2546 2285 potius,

260 2330 426 2387 quam
484 2312 631 2386 quod
683 2310 931 2367 undecim
986 2310 1142 2367 annis
1202 2317 1331 2384 post
1384 2312 1586 2367 sactum
1643 2329 1764 2367 esse
1809 2329 1873 2367 ex
1920 2321 2014 2374 11,
2063 2319 2096 2372 6
2140 2312 2361 2386 adparet
2406 2312 2549 2386 (nam

258 2414 526 2489 Iugurtha
569 2429 680 2469 non
723 2420 851 2486 post
906 2430 952 2468 a.
1004 2418 1130 2475 132,
1194 2429 1303 2485 quo
1341 2414 1399 2467 P.
1447 2412 1627 2487 Scipio
1668 2414 1867 2471 Romae
1910 2415 2285 2487 triumphavit,
2349 2416 2402 2470 in
2443 2416 2551 2474 Nu·
2607 2424 2630 2435 ’

178 2510 183 2513 ’
258 2516 482 2573 midiam
535 2515 729 2577 rediit,
786 2515 1007 2589 Micipsa
1062 2521 1241 2570 autem
1292 2531 1413 2570 cum
1460 2533 1507 2571 a.
1559 2523 1660 2575 118
1703 2522 1950 2573 mortuus
1997 2517 2097 2579 sit,
2149 2518 2552 2593 adoptationem

260 2637 377 2676 non
419 2626 543 2675 ante
582 2636 630 2673 a.
681 2621 771 2676 121
819 2617 1013 2672 factam
1067 2634 1189 2672 esse
1246 2615 1506 2690 adparet).
1607 2617 1746 2685 Quid
1788 2620 2006 2675 autem?
2063 2638 2192 2675 num
2247 2621 2553 2695 adoptatio-

261 2739 390 2779 nem
433 2719 728 2793 Iugurthae
772 2724 826 2773 et
871 2725 1253 2775 testamentum
1295 2718 1485 2775 eodem
1531 2727 1777 2794 tempore
1821 2722 1962 2778 sacta
2005 2739 2126 2779 esse
2171 2740 2395 2780 necesse
2431 2724 2552 2779 est?

260 2824 450 2896 Neque
476 2819 761 2896 ,particula
802 2825 857 2875 et
902 2820 1111 2882 obstat,
1165 2837 1343 2893 neque
1390 2838 1479 2878 res
1520 2822 1656 2895 ipsa.
1745 2821 1898 2889 Quod
1940 2824 1986 2879 si
2031 2826 2382 2881 statuerimus
2426 2825 2554 2881 ado-

261 2931 480 3001 ptatum
524 2940 645 2979 esse
698 2922 1013 2995 Iugurtham
1062 2922 1245 2977 statim
1300 2930 1427 2997 post
1485 2924 1719 2980 reditum
1764 2926 1830 2981 ab
1879 2926 2191 2987 Numantia,
2253 2934 2336 2983 set
2392 2934 2555 2982 testa-

261 3032 511 3083 mentum
553 3042 599 3079 a.
641 3031 739 3084 121
784 3025 997 3082 demum
1044 3025 1309 3098 scriptum
1343 3044 1491 3089 esse,
1552 3026 1696 3082 inter
1747 3027 1885 3083 duos
1937 3027 2090 3083 locos
2137 3028 2212 3083 ita
2251 3029 2552 3093 conveniet,

262 3136 329 3185 ut
368 3128 541 3202 priori
583 3124 732 3182 nulla
777 3126 852 3181 vis
899 3126 1246 3190 adhibeatur,
1302 3128 1464 3183 modo
1504 3146 1572 3183 ex
1613 3128 1923 3202 posteriore
1967 3131 2334 3200 adoptatione
2377 3149 2556 3187 remo-

260 3247 501 3287 veamus.
590 3227 744 3296 Quod
787 3227 855 3283 ab
892 3228 1117 3285 librario
1174 3228 1345 3285 sciolo
1402 3230 1738 3304 adscriptum
1783 3248 1904 3287 esse
1949 3231 2186 3288 minume
2241 3226 2589 3290 incredibile.⁸

264 3350 328 3390 ac
373 3350 442 3389 ne
486 3332 682 3387 mirum
726 3331 941 3405 quidem
984 3331 1211 3386 videtur.

438 3435 553 3507 lug.
607 3439 671 3491 12
724 3433 1061 3508 praepositio
1124 3434 1183 3487 in
1235 3433 1319 3489 his
1360 3434 1643 3507 negotium
1684 3436 1919 3492 facessit.
2005 3436 2244 3494 Primum
2291 3438 2433 3495 enim
2489 3456 2557 3495 an

265 3538 324 3593 in
369 3536 548 3591 verbis
591 3534 645 3605 S.
685 3541 717 3593 5
756 3537 858 3606 qui
887 3542 1196 3607 postquam
1238 3538 1299 3591 in
1346 3537 1506 3592 aedis
1541 3538 1820 3609 inrupere
1862 3539 2200 3613 praepositio
2247 3548 2396 3598 recte
2427 3542 2559 3598 scri-

264 3646 361 3714 pta
400 3637 502 3700 sit,
561 3653 626 3692 eo
672 3636 843 3710 magis
885 3636 1267 3706 dubitandum,
1334 3639 1479 3712 quod
1522 3631 1620 3703 P1,
1679 3640 1834 3696 cuius
1887 3640 2017 3697 fides
2059 3640 2246 3699 multis
2294 3644 2349 3699 in
2394 3645 2557 3733 rebus

266 3745 515 3815 spectata
557 3746 658 3801 est,
704 3755 822 3794 eam
860 3740 1082 3802 omittit,
1131 3746 1185 3796 et
1230 3739 1363 3795 alias
1408 3739 1513 3813 (25,
1561 3749 1610 3803 9.
1655 3748 1740 3804 58,
1791 3740 1841 3815 1)
1885 3742 2107 3799 verbum
2151 3745 2218 3800 ab
2263 3746 2390 3802 Sall.
2433 3764 2557 3803 cum

265 3859 375 3899 acc.
431 3840 784 3898 coniunctum
835 3850 935 3897 est.
1026 3842 1226 3897 Tamen
1282 3834 1372 3898 uni
1429 3842 1511 3899 illi
1557 3844 1733 3901 codici
1789 3860 1899 3900 non
1958 3852 2165 3903 tantum
2211 3846 2557 3905 tribuendum

268 3961 498 4006 censeo,
552 3950 615 3998 ut
662 3943 901 3999 omnium
955 3944 1287 4001 relicuorum
1330 3962 1632 4001 consensus
1683 3945 1842 4002 nihili
1891 3946 2010 4009 fiat,
2070 3948 2394 4021 praesertim
2432 3967 2556 4006 cum

267 4064 368 4121 per
408 4044 575 4102 clavis
616 4044 945 4101 adulterinas
989 4047 1179 4120 aperta
1220 4054 1383 4121 porta
1423 4046 1682 4104 'celeriter
1718 4046 1920 4104 milites
1957 4048 2252 4112 incurrere,
2299 4066 2399 4106 nec
2426 4069 2557 4109 vero

269 4149 416 4205 aedis
458 4165 559 4222 per
605 4146 709 4202 vim
754 4132 1181 4225 sibi'aperuere.
1263 4148 1371 4205 Nec
1414 4148 1588 4222 magis
1632 4149 1745 4221 lug.
1793 4156 1889 4215 32,
1934 4157 1970 4211 4
2018 4152 2110 4213 in,
2157 4152 2302 4223 quod
2347 4155 2559 4226 optumi

271 4249 395 4306 libri
435 4255 681 4312 tuentur,
718 4248 1007 4305 delendum
1052 4268 1279 4314 censeo,
1329 4251 1572 4325 quamvis
1619 4268 1704 4325 ap.
1751 4248 1878 4306 Sall.
1923 4268 2138 4326 semper
2177 4252 2406 4327 simplex
2449 4272 2558 4313 acc.

272 4352 561 4409 adiunctus
622 4351 728 4415 sit,
786 4366 909 4409 cum
966 4349 1115 4410 illius
1164 4352 1594 4413 constructionis
1647 4353 1856 4414 munita
1905 4354 2148 4435 exempla
2183 4356 2325 4431 apud
2371 4374 2560 4424 omnes
