3042 4917
890 323 1498 367 OONMENTATIONUM
1546 322 1681 365 oAP.
1718 324 1815 365 111.
2420 304 2503 367 43

212 482 602 540 Mommsenius
631 481 694 536 H.
710 481 770 536 R.
793 480 877 537 ed.
901 479 946 535 11
968 478 1073 535 vol.
1100 479 1197 552 Ip.
1226 483 1346 542 407,
1376 478 1568 552 utique
1598 478 1758 534 etiam
1789 486 1952 551 atque
1975 477 2136 534 etiam
2158 479 2506 536 consideran-

213 588 345 643 dum
375 592 477 647 est,
519 600 587 639 ne
612 579 788 640 altero
814 598 1002 638 errore
1036 579 1254 637 sublato
1287 577 1518 636 alterum
1548 578 1805 654 scriptori
1837 580 2175 654 inponamus,
2219 580 2508 638 Praeterea

215 688 265 745 si
298 704 414 743 eam
449 683 776 741 sententiam
795 682 1233 757 conprobaveris,
1261 681 1437 738 oratio
1465 680 1629 737 habet
1654 681 1819 738 hiulci
1844 680 2048 761 aliquid
2083 690 2247 756 atque
2270 682 2505 757 abrupti,

217 789 367 865 quod
405 786 474 843 ab
513 784 736 841 Sallusti
779 784 998 866 ingenio
1048 801 1108 840 ac
1154 800 1306 840 more
1340 772 1571 858 prorsus
1617 781 1850 839 alienum
1890 790 2002 846 est,
2048 784 2140 858 qui
2184 793 2331 841 certe
2375 785 2507 841 scri·-

216 899 418 966 pturus
463 888 595 945 fuit:
638 893 756 943 tum
800 886 1078 943 Graeciae
1123 901 1339 941 morem
1381 887 1592 941 imitati
1631 886 1810 958 leyem
1838 886 2109 942 Porciam
2138 884 2399 959 aliasque
2430 888 2507 943 le·

213 1008 319 1066 yes
346 1004 664 1064 paravere.
747 988 850 1044 Set
885 988 1253 1063 quaerendum
1282 993 1367 1043 est
1397 987 1462 1043 de
1495 987 1892 1043 sententiarum
1928 1005 2069 1045 nexu
2101 989 2356 1063 omnique
2378 1007 2507 1046 con-

215 1093 486 1151 clusionis
544 1091 772 1147 ratione.
874 1090 1115 1148 Caesaris
1163 1090 1336 1163 igitur
1389 1088 1661 1145 sententia
1713 1088 1845 1145 haec
1895 1096 2007 1153 est,
2078 1098 2141 1147 ut
2192 1082 2509 1149 coniuratos

215 1196 623 1270 deprehenSOS,
689 1192 928 1267 quamvis
971 1191 1300 1255 meruerint,
1359 1198 1541 1247 tamen
1582 1190 1778 1247 mortis
1820 1207 1999 1265 poena
2040 1209 2151 1249 non
2190 1193 2509 1251 afliciundos

216 1304 458 1355 censeat.
547 1294 662 1362 Qua
699 1312 759 1351 re
801 1300 1094 1370 postquam
1140 1311 1252 1349 non
1294 1292 1484 1349 decere
1524 1298 1768 1348 senatum
1815 1292 1895 1348 ira
1934 1300 2027 1349 aut
2084 1292 2263 1367 aliqua
2304 1296 2511 1371 cupidi-

219 1406 335 1455 tate
379 1402 700 1455 conmotum
742 1395 1032 1453 decernere
1075 1395 1328 1469 exposuit
1371 1392 1651 1467 (1—15),
1704 1392 1872 1450 Silani
1916 1396 2241 1452 sententiam
2296 1396 2509 1453 duobus

217 1499 562 1574 argumentis
604 1496 933 1553 reiciundam
974 1514 1092 1553 esse
1135 1497 1404 1559 ostendit,
1445 1495 1681 1570 primum
1722 1496 1867 1570 quod
1904 1495 2119 1570 legibus
2157 1516 2267 1555 non
2318 1516 2511 1555 conve·-

217 1604 337 1659 niat
381 1598 666 1674 (ιδ-24).
717 1608 828 1661 tum
873 1599 1019 1671 quod
1055 1600 1346 1655 verendum
1393 1598 1464 1653 sit
1507 1614 1576 1653 ne
1615 1615 1680 1653 ex
1724 1599 1915 1654 merita
1957 1578 2135 1673 poena
2176 1601 2511 1675 conprehen-

219 1722 409 1761 sorum
454 1701 657 1758 malum
702 1699 1006 1775 exemplum
1054 1700 1266 1756 oriatur
1307 1697 1589 1773 (25—36).
1666 1699 1744 1754 Ad
1787 1700 1891 1757 hoc
1920 1700 2346 1758 confirmandum
2389 1720 2513 1777 per-

220 1806 426 1866 tinere,
491 1820 628 1877 quae
680 1802 746 1859 de
790 1801 1088 1858 maioribus
1134 1807 1378 1862 37—42
1422 1801 1701 1864 dicantur,
1760 1803 1999 1876 adparet.
2092 1801 2333 1870 Quorum
2376 1823 2513 1880 quae

222 1923 434 1963 summa
481 1906 600 1961 est?
646 1920 827 1960 nonne
866 1904 1024 1960 hacc:
1071 1898 1320 1959 maiores*
1350 1903 1711 1977 sapientiores
1742 1912 1798 1960 et
1830 1904 2089 1960 fortiores
2120 1888 2306 1968 fuisse,
2353 1918 2509 1979 quam

225 2008 321 2083 qui
357 2007 463 2063 iam
495 2006 703 2070 vivant;
741 2023 846 2079 qua
872 2022 930 2061 re
971 2006 1072 2062 hos
1104 2005 1296 2062 decere
1329 2003 1545 2060 illorum
1579 2005 1880 2079 exemplum
1918 2005 2072 2078 sequi
2102 2013 2264 2080 atque
2296 2007 2512 2071 imitari,

223 2112 260 2166 i.
301 2126 345 2165 e.
395 2125 535 2183 quae
578 2107 656 2162 illi
701 2124 882 2163 rerum
917 2125 1020 2163 usu
1064 2107 1244 2163 edocti
1289 2106 1631 2163 instituerint
1664 2114 1847 2163 tenere
1891 2115 1947 2164 et
1991 2106 2312 2164 ohservare?
2376 2108 2514 2189 Quid

223 2218 408 2267 autem
453 2210 518 2265 ad
563 2210 669 2265 hoc
711 2208 1173 2265 conmendandum
1212 2208 1430 2282 gravius
1473 2215 1575 2271 est,
1616 2224 1775 2281 quam
1806 2208 1852 2264 si
1882 2210 2219 2271 ostendatur,
2262 2211 2514 2275 maiores,

225 2330 338 2387 quo
375 2319 601 2385 optuma
634 2327 878 2384 quaeque
918 2318 974 2367 et
1017 2328 1262 2367 maxume
1301 2310 1495 2366 idonea
1536 2308 1592 2365 in
1621 2327 1681 2364 re
1709 2308 1925 2383 publica
1968 2311 2334 2375 instituerent,
2380 2314 2513 2371 adeo

219 2414 550 2489 peregrinos
598 2412 797 2468 imitari
836 2428 946 2467 non
979 2412 1224 2485 fugisse?
1301 2412 1490 2468 Nonne
1536 2428 1602 2467 eo
1647 2411 1821 2485 magis
1853 2421 2201 2487 posterorum
2246 2432 2395 2477 esse,
2452 2424 2516 2471 ut

220 2516 500 2572 maiorum*
535 2512 779 2587 exempla
827 2521 1142 2587 sequantur,
1191 2513 1445 2587 adparet,
1493 2522 1635 2569 cuns
1665 2511 1807 2575 illos,
1855 2516 1965 2588 qud
2012 2515 2215 2571 minus·
2233 2515 2409 2573 bonos
2446 2534 2517 2573 ·ac
2604 2516 2609 2523 ’
2676 2558 2689 2571 .

221 2618 406 2674 fortes
450 2616 826 2677 imitarentur,
889 2613 1039 2670 nulla
1083 2614 1280 2670 invidia
1326 2614 1589 2688 nulloque
1636 2632 1827 2673 ‘rerum
1872 2616 2288 2673 domesticarum
2334 2618 2515 2675 studio

221 2728 394 2793 atque
436 2734 619 2774 amore
651 2716 922 2790 inpeditos
953 2734 1073 2772 esse
1119 2716 1474 2772 ostendatur?
1542 2716 1618 2772 Eo
1665 2717 1711 2773 si
1756 2726 1966 2792 spectat
2004 2718 2097 2774 illa
2139 2718 2516 2777 institutorum

221 2821 296 2877 ab
340 2818 650 2894 peregrinis
687 2824 1033 2892 acceptorum
1075 2818 1531 2880 conmemoratio,
1590 2815 1825 2875 minume
1878 2837 2099 2876 necesse
2142 2838 2263 2878 esse
2306 2821 2519 2879 intelle-

222 2922 398 2997 gitur,
447 2927 541 2977 aut
585 2936 790 2975 morem
829 2919 1146 2976 verberibus
1189 2917 1659 2976 animadvdrtundi
1699 2922 1791 2977 aut
1834 2920 1959 2977 exili
1995 2922 2351 2997 permittundi
2388 2942 2518 2981 con-

223 3022 573 3080 suetudinem
615 3021 681 3077 ab
724 3022 1030 3095 peregrinis
1064 3020 1328 3077 translata
1368 3039 1488 3079 esse
1535 3022 1657 3079 dici.
1734 3022 1897 3080 Recte
1926 3024 2003 3081 sic
2032 3024 2280 3098 procedit
2310 3026 2515 3083 oratio:

223 3125 464 3181 maiores
511 3123 706 3186 nostri,
753 3129 814 3178 ut
859 3122 1110 3179 instituta
1156 3122 1389 3179 civitatis
1435 3126 1799 3189 emendarent,
1846 3142 2057 3182 omnem
2098 3142 2281 3182 curam
2327 3126 2514 3200 inpen-

223 3228 384 3290 dere,
441 3225 578 3282 adeo
627 3225 693 3280 ab
736 3224 1044 3299 peregrinis
1093 3241 1229 3297 quae
1271 3225 1465 3283 idonea
1509 3226 1831 3283 videbantur
1876 3244 2189 3302 sumpsere;
2230 3245 2396 3285 unum
2440 3236 2536 3285 ta-.

227 3345 353 3384 men
399 3343 609 3383 morem
654 3326 929 3382 retinuere
965 3326 1259 3383 crudeliter
1292 3328 1776 3385 condemnatorum
1817 3329 2232 3405 puniendorum,
2280 3338 2362 3386 set
2395 3349 2517 3388 cum

225 3437 423 3505 postea
466 3446 574 3485 usu
612 3445 795 3483 rerum
853 3429 946 3502 qui
1014 3427 1213 3485 abusus
1268 3428 1386 3486 fieri
1431 3438 1622 3505 posset
1676 3432 1885 3505 experti
1935 3430 2347 3496 intellexissent,
2394 3452 2518 3490 eum

227 3548 452 3606 quoque
495 3546 703 3585 morem
748 3530 1098 3589 inmutavere.
1175 3530 1366 3587 Nonne
1418 3518 1548 3594 nos,
1608 3534 1701 3607 qui
1745 3533 1852 3591 illis
1894 3534 2095 3589 virtute
2152 3541 2208 3590 et
2252 3536 2521 3611 sapientia

227 3634 522 3692 inferiores
564 3631 752 3695 simuS,
795 3633 1002 3699 eadem,
1026 3650 1163 3707 quae
1206 3632 1332 3689 illos
1372 3641 1631 3698 metuere,
1678 3637 1860 3694 eadem
1904 3654 2092 3693 cavere
2133 3636 2323 3694 decet?
2412 3639 2519 3694 lam

230 3752 557 3809 quamquam
595 3734 758 3790 verba
795 3731 889 3789 illa
933 3734 1212 3791 Graeciae
1255 3752 1470 3792 morem
1512 3738 1722 3793 imitati
1754 3738 1819 3793 ad
1855 3738 2212 3795 concludendi
2251 3740 2517 3795 rationem

231 3855 339 3894 non
387 3835 694 3893 necessaria
733 3853 852 3893 esse
897 3837 1278 3910 cognovimus,
1336 3844 1515 3894 >tamen
1572 3840 1616 3894 si
1664 3838 1868 3912 aliquid
1914 3840 2172 3915 ponderis
2216 3840 2280 3896 ad
2322 3838 2518 3896 confir-

233 3940 485 3996 mandum
529 3945 911 4011 argumentum
952 3938 1166 4001 addant,
1213 3956 1325 3996 non
1369 3940 1647 3997 reiciunda
1692 3940 2033 3997 videbuntur.
2115 3940 2269 4008 Quod
2300 3942 2345 3998 si
2385 3942 2519 3997 Doe-

233 4040 482 4097 derleinii
527 4041 850 4097 sententiam
891 4040 1330 4115 conprobaveris‚
1381 4058 1564 4100 nonne
1605 4040 1737 4098 illud
1780 4043 1973 4117 ipsum,
2023 4059 2130 4116 quo
2160 4042 2354 4099 Caesar
2390 4060 2519 4101 con-

237 4143 489 4199 mendare
527 4142 714 4215 cupiat
757 4160 908 4198 suam
947 4144 1288 4207 sententiam,
1335 4144 1400 4200 ad
1432 4162 1549 4201 eam
1592 4143 1981 4218 inprobandam
2028 4143 2205 4200 valet?
2276 4146 2358 4201 An
2403 4162 2519 4202 cre-

237 4243 396 4301 dibile
441 4251 527 4299 est
573 4242 847 4306 Catonem,
895 4244 988 4318 qui
1021 4251 1104 4307 52,
1138 4251 1202 4305 19
1225 4224 1348 4302 ‘hoc
1384 4246 1562 4320 ipsum
1606 4254 1983 4320 argumentum
2028 4246 2271 4304 Caesaris
2310 4247 2517 4304 diluere

240 4346 431 4411 studet,
481 4345 535 4401 id
584 4346 1097 4419 praetermissurum
1139 4346 1326 4411 fuisse,
1359 4348 1418 4403 'si
1448 4347 1540 4405 ille
1572 4347 1839 4405 leniorem
1868 4366 1928 4406 ac
1957 4349 2231 4407 mitiorem
2260 4350 2519 4425 puniendi
