<?xml version="1.0" encoding="UTF-8"?>
<!DOCTYPE html PUBLIC "-//W3C//DTD XHTML 1.0 Transitional//EN"
    "http://www.w3.org/TR/xhtml1/DTD/xhtml1-transitional.dtd">
<html xmlns="http://www.w3.org/1999/xhtml" xml:lang="en" lang="en">
 <head>
  <title>
</title>
<meta http-equiv="Content-Type" content="text/html;charset=utf-8" />
  <meta name='ocr-system' content='tesseract 3.04.00' />
  <meta name='ocr-capabilities' content='ocr_page ocr_carea ocr_par ocr_line ocrx_word'/>
</head>
<body>
  <div class='ocr_page' id='page_1' title='image "./gaisallusticris00dietgoog_0035.png"; bbox 0 0 3042 4917; ppageno 0'>
   <div class='ocr_carea' id='block_1_1' title="bbox 967 295 2552 359">
    <p class='ocr_par' dir='ltr' id='par_1_1' title="bbox 967 295 2552 359">
     <span class='ocr_line' id='line_1_1' title="bbox 967 295 2552 359; baseline 0 -1"><span class='ocrx_word' id='word_1_1' title='bbox 967 315 1577 359; x_wconf 64' lang='lat' dir='ltr'><strong><em>connum-Amomm</em></strong></span> <span class='ocrx_word' id='word_1_2' title='bbox 1622 314 1763 357; x_wconf 75' lang='lat' dir='ltr'><strong><em>cAr.</em></strong></span> <span class='ocrx_word' id='word_1_3' title='bbox 1800 316 1867 356; x_wconf 80' lang='lat'><strong><em>11.</em></strong></span> <span class='ocrx_word' id='word_1_4' title='bbox 2478 295 2552 359; x_wconf 87' lang='lat'><strong><em>21</em></strong></span> 
     </span>
    </p>
   </div>
   <div class='ocr_carea' id='block_1_2' title="bbox 257 470 2627 1975">
    <p class='ocr_par' dir='ltr' id='par_1_2' title="bbox 257 470 2627 1975">
     <span class='ocr_line' id='line_1_2' title="bbox 263 470 2561 547; baseline -0.001 -17"><span class='ocrx_word' id='word_1_5' title='bbox 263 474 405 531; x_wconf 88' lang='lat' dir='ltr'><strong>nihil</strong></span> <span class='ocrx_word' id='word_1_6' title='bbox 451 473 604 530; x_wconf 87' lang='lat' dir='ltr'><strong><em>video</em></strong></span> <span class='ocrx_word' id='word_1_7' title='bbox 643 472 792 547; x_wconf 88' lang='lat' dir='ltr'><strong><em>quod</em></strong></span> <span class='ocrx_word' id='word_1_8' title='bbox 835 472 1222 546; x_wconf 78' lang='lat' dir='ltr'><strong>vituperemus.</strong></span> <span class='ocrx_word' id='word_1_9' title='bbox 1307 471 1416 529; x_wconf 90' lang='lat' dir='ltr'><strong><em>Cur</em></strong></span> <span class='ocrx_word' id='word_1_10' title='bbox 1458 472 1743 528; x_wconf 77' lang='lat' dir='ltr'><strong><em>diversius</em></strong></span> <span class='ocrx_word' id='word_1_11' title='bbox 1789 475 1949 527; x_wconf 85' lang='lat' dir='ltr'><strong><em>stare</em></strong></span> <span class='ocrx_word' id='word_1_12' title='bbox 2001 470 2183 527; x_wconf 88' lang='lat' dir='ltr'><strong><em>minus</em></strong></span> <span class='ocrx_word' id='word_1_13' title='bbox 2227 477 2375 529; x_wconf 88' lang='lat' dir='ltr'><strong><em>recte</em></strong></span> <span class='ocrx_word' id='word_1_14' title='bbox 2417 471 2561 528; x_wconf 90' lang='lat' dir='ltr'><strong><em>dica-</em></strong></span> 
     </span>
     <span class='ocr_line' id='line_1_3' title="bbox 267 571 2557 650; baseline -0.002 -17"><span class='ocrx_word' id='word_1_15' title='bbox 267 585 362 633; x_wconf 86' lang='lat' dir='ltr'><strong><em>tur</em></strong></span> <span class='ocrx_word' id='word_1_16' title='bbox 407 593 568 650; x_wconf 88' lang='lat' dir='ltr'><strong><em>quam</em></strong></span> <span class='ocrx_word' id='word_1_17' title='bbox 611 577 835 632; x_wconf 77' lang='lat' dir='ltr'><strong><em>divorse</em></strong></span> <span class='ocrx_word' id='word_1_18' title='bbox 871 577 1064 633; x_wconf 88' lang='lat' dir='ltr'><strong><em>iacere</em></strong></span> <span class='ocrx_word' id='word_1_19' title='bbox 1109 572 1270 645; x_wconf 87' lang='lat' dir='ltr'><strong><em>(Bell.</em></strong></span> <span class='ocrx_word' id='word_1_20' title='bbox 1318 574 1430 629; x_wconf 79' lang='lat' dir='ltr'><strong><em>Afr.</em></strong></span> <span class='ocrx_word' id='word_1_21' title='bbox 1474 580 1547 633; x_wconf 86' lang='lat'><strong><em>40</em></strong></span> <span class='ocrx_word' id='word_1_22' title='bbox 1587 572 1759 646; x_wconf 83' lang='lat' dir='ltr'><strong><em>extr.)</em></strong></span> <span class='ocrx_word' id='word_1_23' title='bbox 1817 590 1928 629; x_wconf 89' lang='lat' dir='ltr'><strong><em>non</em></strong></span> <span class='ocrx_word' id='word_1_24' title='bbox 1970 574 2144 647; x_wconf 81' lang='lat' dir='ltr'><strong><em>magis</em></strong></span> <span class='ocrx_word' id='word_1_25' title='bbox 2200 571 2557 647; x_wconf 83' lang='lat' dir='ltr'><strong><em>intellegitur,</em></strong></span> 
     </span>
     <span class='ocr_line' id='line_1_4' title="bbox 267 674 2556 753; baseline -0.001 -18"><span class='ocrx_word' id='word_1_26' title='bbox 267 696 435 753; x_wconf 86' lang='lat' dir='ltr'><strong><em>quam</em></strong></span> <span class='ocrx_word' id='word_1_27' title='bbox 483 695 589 752; x_wconf 86' lang='lat' dir='ltr'><strong><em>qua</em></strong></span> <span class='ocrx_word' id='word_1_28' title='bbox 629 695 690 733; x_wconf 90' lang='lat' dir='ltr'><strong><em>re</em></strong></span> <span class='ocrx_word' id='word_1_29' title='bbox 734 676 972 751; x_wconf 81' lang='lat' dir='ltr'><strong><em>scriptor</em></strong></span> <span class='ocrx_word' id='word_1_30' title='bbox 1005 676 1290 733; x_wconf 79' lang='lat' dir='ltr'><strong><em>diversius</em></strong></span> <span class='ocrx_word' id='word_1_31' title='bbox 1338 676 1592 733; x_wconf 89' lang='lat' dir='ltr'><strong><em>adiuncto</em></strong></span> <span class='ocrx_word' id='word_1_32' title='bbox 1638 678 1748 733; x_wconf 85' lang='lat' dir='ltr'><strong><em>alis</em></strong></span> <span class='ocrx_word' id='word_1_33' title='bbox 1788 676 1928 731; x_wconf 85' lang='lat' dir='ltr'><strong><em>alibi</em></strong></span> <span class='ocrx_word' id='word_1_34' title='bbox 1960 674 2253 731; x_wconf 85' lang='lat' dir='ltr'><strong><em>inlustrare</em></strong></span> <span class='ocrx_word' id='word_1_35' title='bbox 2296 674 2556 739; x_wconf 88' lang='lat' dir='ltr'><strong><em>noluerit,</em></strong></span> 
     </span>
     <span class='ocr_line' id='line_1_5' title="bbox 264 755 2557 851; baseline -0.001 -13"><span class='ocrx_word' id='word_1_36' title='bbox 264 799 392 841; x_wconf 88' lang='lat' dir='ltr'><strong><em>cum</em></strong></span> <span class='ocrx_word' id='word_1_37' title='bbox 432 779 596 837; x_wconf 88' lang='lat' dir='ltr'><strong><em>simili</em></strong></span> <span class='ocrx_word' id='word_1_38' title='bbox 633 779 959 835; x_wconf 86' lang='lat' dir='ltr'><strong><em>abundantia</em></strong></span> <span class='ocrx_word' id='word_1_39' title='bbox 1014 777 1298 851; x_wconf 81' lang='lat' dir='ltr'><strong><em>scripserit</em></strong></span> <span class='ocrx_word' id='word_1_40' title='bbox 1352 755 1466 851; x_wconf 53' lang='lat' dir='ltr'><strong><em>Iu&#39;g.</em></strong></span> <span class='ocrx_word' id='word_1_41' title='bbox 1514 783 1613 841; x_wconf 87' lang='lat'><strong><em>46.</em></strong></span> <span class='ocrx_word' id='word_1_42' title='bbox 1658 785 1694 839; x_wconf 90' lang='lat'>4</span> <span class='ocrx_word' id='word_1_43' title='bbox 1732 780 1947 851; x_wconf 74' lang='lat' dir='ltr'><strong><em>leqatos</em></strong></span> <span class='ocrx_word' id='word_1_44' title='bbox 1989 776 2165 833; x_wconf 81' lang='lat' dir='ltr'><strong><em>alium</em></strong></span> <span class='ocrx_word' id='word_1_45' title='bbox 2211 778 2282 833; x_wconf 89' lang='lat' dir='ltr'><strong><em>ab</em></strong></span> <span class='ocrx_word' id='word_1_46' title='bbox 2316 779 2429 834; x_wconf 87' lang='lat' dir='ltr'><strong><em>alio</em></strong></span> <span class='ocrx_word' id='word_1_47' title='bbox 2472 780 2557 836; x_wconf 88' lang='lat' dir='ltr'><strong><em>di-</em></strong></span> 
     </span>
     <span class='ocr_line' id='line_1_6' title="bbox 263 880 2557 955; baseline -0.002 -15"><span class='ocrx_word' id='word_1_48' title='bbox 263 898 468 940; x_wconf 85' lang='lat' dir='ltr'><strong><em>vorsos</em></strong></span> <span class='ocrx_word' id='word_1_49' title='bbox 497 884 853 955; x_wconf 63' lang='lat' dir='ltr'><strong><em>adm-editur,</em></strong></span> <span class='ocrx_word' id='word_1_50' title='bbox 893 888 978 943; x_wconf 84' lang='lat'><strong><em>50,</em></strong></span> <span class='ocrx_word' id='word_1_51' title='bbox 1016 890 1049 940; x_wconf 87' lang='lat'>5</span> <span class='ocrx_word' id='word_1_52' title='bbox 1093 894 1217 935; x_wconf 87' lang='lat' dir='ltr'><strong><em>sese</em></strong></span> <span class='ocrx_word' id='word_1_53' title='bbox 1259 880 1615 951; x_wconf 78' lang='lat' dir='ltr'><strong><em>recipiebant</em></strong></span> <span class='ocrx_word' id='word_1_54' title='bbox 1646 912 1721 921; x_wconf 98' lang='lat'><strong>—</strong></span> <span class='ocrx_word' id='word_1_55' title='bbox 1762 883 1910 937; x_wconf 86' lang='lat' dir='ltr'><strong><em>alius</em></strong></span> <span class='ocrx_word' id='word_1_56' title='bbox 1944 881 2058 936; x_wconf 87' lang='lat' dir='ltr'><strong><em>alio</em></strong></span> <span class='ocrx_word' id='word_1_57' title='bbox 2090 897 2261 951; x_wconf 78' lang='lat' dir='ltr'><strong><em>quam</em></strong></span> <span class='ocrx_word' id='word_1_58' title='bbox 2284 896 2557 937; x_wconf 75' lang='lat' dir='ltr'><strong><em>maxume</em></strong></span> 
     </span>
     <span class='ocr_line' id='line_1_7' title="bbox 261 979 2557 1056; baseline -0.002 -14"><span class='ocrx_word' id='word_1_59' title='bbox 261 984 500 1056; x_wconf 79' lang='lat' dir='ltr'><strong><em>divorsi,</em></strong></span> <span class='ocrx_word' id='word_1_60' title='bbox 544 992 662 1047; x_wconf 88' lang='grc'><strong>101,</strong></span> <span class='ocrx_word' id='word_1_61' title='bbox 695 990 730 1042; x_wconf 77' lang='grc'>2</span> <span class='ocrx_word' id='word_1_62' title='bbox 759 985 896 1056; x_wconf 79' lang='lat' dir='ltr'><strong><em>quia</em></strong></span> <span class='ocrx_word' id='word_1_63' title='bbox 931 982 1150 1039; x_wconf 84' lang='lat' dir='ltr'><strong><em>divorsi</em></strong></span> <span class='ocrx_word' id='word_1_64' title='bbox 1180 982 1487 1037; x_wconf 84' lang='lat' dir='ltr'><strong><em>redeuntes</em></strong></span> <span class='ocrx_word' id='word_1_65' title='bbox 1517 979 1671 1038; x_wconf 84' lang='lat' dir='ltr'><strong><em>alius</em></strong></span> <span class='ocrx_word' id='word_1_66' title='bbox 1698 984 1770 1039; x_wconf 87' lang='lat' dir='ltr'><strong><em>ab</em></strong></span> <span class='ocrx_word' id='word_1_67' title='bbox 1805 983 1923 1039; x_wconf 86' lang='lat' dir='ltr'><strong><em>alia</em></strong></span> <span class='ocrx_word' id='word_1_68' title='bbox 1944 989 2123 1054; x_wconf 85' lang='lat' dir='ltr'><strong><em>parte</em></strong></span> <span class='ocrx_word' id='word_1_69' title='bbox 2158 987 2330 1054; x_wconf 82' lang='lat' dir='ltr'><strong><em>atque</em></strong></span> <span class='ocrx_word' id='word_1_70' title='bbox 2364 998 2557 1038; x_wconf 81' lang='lat' dir='ltr'><strong><em>omnes</em></strong></span> 
     </span>
     <span class='ocr_line' id='line_1_8' title="bbox 259 1080 2555 1159; baseline -0.001 -17"><span class='ocrx_word' id='word_1_71' title='bbox 259 1089 414 1143; x_wconf 88' lang='lat' dir='ltr'><strong><em>idem</em></strong></span> <span class='ocrx_word' id='word_1_72' title='bbox 459 1085 878 1158; x_wconf 70' lang='lat' dir='ltr'><strong><em>siqniftcabant.</em></strong></span> <span class='ocrx_word' id='word_1_73' title='bbox 962 1084 1148 1157; x_wconf 84' lang='lat' dir='ltr'><strong>Neque</strong></span> <span class='ocrx_word' id='word_1_74' title='bbox 1195 1080 1328 1141; x_wconf 90' lang='lat' dir='ltr'><strong><em>illud</em></strong></span> <span class='ocrx_word' id='word_1_75' title='bbox 1373 1091 1521 1141; x_wconf 86' lang='lat' dir='ltr'><strong><em>recte</em></strong></span> <span class='ocrx_word' id='word_1_76' title='bbox 1569 1084 1895 1159; x_wconf 87' lang='lat' dir='ltr'><strong><em>obponetur‚</em></strong></span> <span class='ocrx_word' id='word_1_77' title='bbox 1937 1085 2041 1140; x_wconf 88' lang='lat' dir='ltr'><strong><em>iam</em></strong></span> <span class='ocrx_word' id='word_1_78' title='bbox 2086 1090 2169 1146; x_wconf 89' lang='lat'><strong><em>60,</em></strong></span> <span class='ocrx_word' id='word_1_79' title='bbox 2217 1093 2249 1143; x_wconf 88' lang='lat'>5</span> <span class='ocrx_word' id='word_1_80' title='bbox 2292 1084 2555 1159; x_wconf 88' lang='lat' dir='ltr'><strong><em>scriptum</em></strong></span> 
     </span>
     <span class='ocr_line' id='line_1_9' title="bbox 261 1184 2627 1259; baseline -0.001 -14"><span class='ocrx_word' id='word_1_81' title='bbox 261 1206 386 1246; x_wconf 89' lang='lat' dir='ltr'><strong><em>esse</em></strong></span> <span class='ocrx_word' id='word_1_82' title='bbox 423 1202 631 1258; x_wconf 81' lang='lat' dir='ltr'><strong><em>eosque</em></strong></span> <span class='ocrx_word' id='word_1_83' title='bbox 668 1186 1041 1259; x_wconf 83' lang='lat' dir='ltr'><strong><em>perturbatos</em></strong></span> <span class='ocrx_word' id='word_1_84' title='bbox 1093 1191 1265 1257; x_wconf 81' lang='lat' dir='ltr'><strong><em>atque</em></strong></span> <span class='ocrx_word' id='word_1_85' title='bbox 1313 1186 1456 1242; x_wconf 81' lang='lat' dir='ltr'><strong><em>alios</em></strong></span> <span class='ocrx_word' id='word_1_86' title='bbox 1493 1187 1633 1242; x_wconf 83' lang='lat' dir='ltr'><strong><em>alibi</em></strong></span> <span class='ocrx_word' id='word_1_87' title='bbox 1678 1184 1999 1243; x_wconf 87' lang='lat' dir='ltr'><strong><em>resistentis</em></strong></span> <span class='ocrx_word' id='word_1_88' title='bbox 2039 1186 2328 1257; x_wconf 76' lang='lat' dir='ltr'><strong><em>interficit.</em></strong></span> <span class='ocrx_word' id='word_1_89' title='bbox 2418 1186 2555 1255; x_wconf 86' lang='lat' dir='ltr'><strong><em>Quid</em></strong></span> <span class='ocrx_word' id='word_1_90' title='bbox 2621 1217 2627 1224; x_wconf 95' lang='lat'>·</span> 
     </span>
     <span class='ocr_line' id='line_1_10' title="bbox 259 1285 2553 1363; baseline -0 -17"><span class='ocrx_word' id='word_1_91' title='bbox 259 1289 668 1346; x_wconf 50' lang='lat' dir='ltr'><strong><em>enim‘bnonne</em></strong></span> <span class='ocrx_word' id='word_1_92' title='bbox 699 1288 956 1363; x_wconf 79' lang='lat' dir='ltr'><strong><em>scriptori</em></strong></span> <span class='ocrx_word' id='word_1_93' title='bbox 989 1285 1263 1350; x_wconf 89' lang='lat' dir='ltr'><strong><em>hocloco,</em></strong></span> <span class='ocrx_word' id='word_1_94' title='bbox 1310 1287 1403 1343; x_wconf 89' lang='lat' dir='ltr'><strong><em>ubi</em></strong></span> <span class='ocrx_word' id='word_1_95' title='bbox 1448 1289 1514 1345; x_wconf 88' lang='lat' dir='ltr'><strong><em>de</em></strong></span> <span class='ocrx_word' id='word_1_96' title='bbox 1546 1288 1749 1344; x_wconf 88' lang='lat' dir='ltr'><strong><em>virtute</em></strong></span> <span class='ocrx_word' id='word_1_97' title='bbox 1796 1306 1934 1362; x_wconf 87' lang='lat' dir='ltr'><strong><em>quae</em></strong></span> <span class='ocrx_word' id='word_1_98' title='bbox 1971 1287 2168 1343; x_wconf 83' lang='lat' dir='ltr'><strong><em>suisset</em></strong></span> <span class='ocrx_word' id='word_1_99' title='bbox 2206 1288 2260 1343; x_wconf 90' lang='lat' dir='ltr'><strong><em>in</em></strong></span> <span class='ocrx_word' id='word_1_100' title='bbox 2312 1290 2553 1345; x_wconf 83' lang='lat' dir='ltr'><strong><em>exercitu</em></strong></span> 
     </span>
     <span class='ocr_line' id='line_1_11' title="bbox 259 1389 2554 1465; baseline 0 -18"><span class='ocrx_word' id='word_1_101' title='bbox 259 1391 528 1449; x_wconf 77' lang='lat' dir='ltr'><strong><em>Catilinae</em></strong></span> <span class='ocrx_word' id='word_1_102' title='bbox 581 1390 822 1453; x_wconf 87' lang='lat' dir='ltr'><strong><em>dicebat,</em></strong></span> <span class='ocrx_word' id='word_1_103' title='bbox 879 1396 1169 1463; x_wconf 81' lang='lat' dir='ltr'><strong><em>postquam</em></strong></span> <span class='ocrx_word' id='word_1_104' title='bbox 1209 1389 1633 1445; x_wconf 85' lang='lat' dir='ltr'><strong><em>conmemoravit</em></strong></span> <span class='ocrx_word' id='word_1_105' title='bbox 1682 1390 1795 1446; x_wconf 89' lang='lat' dir='ltr'><strong><em>fere</em></strong></span> <span class='ocrx_word' id='word_1_106' title='bbox 1850 1407 2036 1445; x_wconf 87' lang='lat' dir='ltr'><strong><em>omnes</em></strong></span> <span class='ocrx_word' id='word_1_107' title='bbox 2080 1408 2241 1446; x_wconf 89' lang='lat' dir='ltr'><strong><em>suum</em></strong></span> <span class='ocrx_word' id='word_1_108' title='bbox 2282 1408 2554 1465; x_wconf 81' lang='lat' dir='ltr'>quemque</span> 
     </span>
     <span class='ocr_line' id='line_1_12' title="bbox 259 1490 2552 1566; baseline 0 -18"><span class='ocrx_word' id='word_1_109' title='bbox 259 1493 446 1550; x_wconf 88' lang='lat' dir='ltr'><strong><em>locum</em></strong></span> <span class='ocrx_word' id='word_1_110' title='bbox 499 1510 732 1566; x_wconf 87' lang='lat' dir='ltr'><strong><em>corpore</em></strong></span> <span class='ocrx_word' id='word_1_111' title='bbox 799 1491 1028 1553; x_wconf 84' lang='lat' dir='ltr'><strong><em>texisse,</em></strong></span> <span class='ocrx_word' id='word_1_112' title='bbox 1087 1490 1222 1547; x_wconf 90' lang='lat' dir='ltr'><strong><em>illud</em></strong></span> <span class='ocrx_word' id='word_1_113' title='bbox 1265 1499 1515 1566; x_wconf 89' lang='lat' dir='ltr'><strong><em>repetere</em></strong></span> <span class='ocrx_word' id='word_1_114' title='bbox 1568 1490 1766 1548; x_wconf 82' lang='lat' dir='ltr'><strong><em>licebat</em></strong></span> <span class='ocrx_word' id='word_1_115' title='bbox 1820 1509 2025 1566; x_wconf 86' lang='lat' dir='ltr'><strong><em>paucos</em></strong></span> <span class='ocrx_word' id='word_1_116' title='bbox 2075 1492 2237 1548; x_wconf 87' lang='lat' dir='ltr'><strong><em>modo</em></strong></span> <span class='ocrx_word' id='word_1_117' title='bbox 2292 1490 2552 1550; x_wconf 90' lang='lat' dir='ltr'><strong><em>disiectos</em></strong></span> 
     </span>
     <span class='ocr_line' id='line_1_13' title="bbox 258 1592 2551 1667; baseline 0 -16"><span class='ocrx_word' id='word_1_118' title='bbox 258 1612 374 1651; x_wconf 88' lang='lat' dir='ltr'><strong><em>non</em></strong></span> <span class='ocrx_word' id='word_1_119' title='bbox 419 1612 533 1653; x_wconf 88' lang='lat' dir='ltr'><strong><em>uno</em></strong></span> <span class='ocrx_word' id='word_1_120' title='bbox 573 1594 873 1667; x_wconf 88' lang='lat' dir='ltr'><strong><em>eodemque</em></strong></span> <span class='ocrx_word' id='word_1_121' title='bbox 910 1592 1034 1648; x_wconf 89' lang='lat' dir='ltr'><strong><em>loco</em></strong></span> <span class='ocrx_word' id='word_1_122' title='bbox 1067 1592 1354 1656; x_wconf 81' lang='lat' dir='ltr'><strong><em>restitisse,</em></strong></span> <span class='ocrx_word' id='word_1_123' title='bbox 1393 1600 1476 1648; x_wconf 90' lang='lat' dir='ltr'><strong><em>set</em></strong></span> <span class='ocrx_word' id='word_1_124' title='bbox 1519 1610 1707 1649; x_wconf 89' lang='lat' dir='ltr'><strong><em>omnes</em></strong></span> <span class='ocrx_word' id='word_1_125' title='bbox 1748 1600 1926 1650; x_wconf 90' lang='lat' dir='ltr'><strong><em>tamen</em></strong></span> <span class='ocrx_word' id='word_1_126' title='bbox 1963 1594 2205 1650; x_wconf 88' lang='lat' dir='ltr'><strong><em>advorsis</em></strong></span> <span class='ocrx_word' id='word_1_127' title='bbox 2239 1593 2551 1651; x_wconf 85' lang='lat' dir='ltr'><strong><em>volneribus</em></strong></span> 
     </span>
     <span class='ocr_line' id='line_1_14' title="bbox 257 1694 2552 1772; baseline -0.001 -17"><span class='ocrx_word' id='word_1_128' title='bbox 257 1696 604 1755; x_wconf 81' lang='lat' dir='ltr'><strong><em>concidisse?</em></strong></span> <span class='ocrx_word' id='word_1_129' title='bbox 662 1694 728 1752; x_wconf 92' lang='lat' dir='ltr'><strong><em>Et</em></strong></span> <span class='ocrx_word' id='word_1_130' title='bbox 762 1713 923 1770; x_wconf 89' lang='lat' dir='ltr'><strong><em>quem</em></strong></span> <span class='ocrx_word' id='word_1_131' title='bbox 967 1694 1033 1750; x_wconf 88' lang='lat' dir='ltr'><strong><em>ad</em></strong></span> <span class='ocrx_word' id='word_1_132' title='bbox 1073 1694 1291 1750; x_wconf 89' lang='lat' dir='ltr'><strong><em>modum</em></strong></span> <span class='ocrx_word' id='word_1_133' title='bbox 1334 1694 1478 1751; x_wconf 90' lang='lat' dir='ltr'><strong><em>inter</em></strong></span> <span class='ocrx_word' id='word_1_134' title='bbox 1508 1702 1784 1751; x_wconf 84' lang='lat' dir='ltr'><strong><em>nostrates</em></strong></span> <span class='ocrx_word' id='word_1_135' title='bbox 1818 1695 1989 1759; x_wconf 82' lang='lat' dir='ltr'><strong><em>suere,</em></strong></span> <span class='ocrx_word' id='word_1_136' title='bbox 2035 1695 2129 1770; x_wconf 87' lang='lat' dir='ltr'><strong><em>qui</em></strong></span> <span class='ocrx_word' id='word_1_137' title='bbox 2170 1714 2294 1753; x_wconf 92' lang='lat' dir='ltr'><strong><em>cum</em></strong></span> <span class='ocrx_word' id='word_1_138' title='bbox 2340 1697 2552 1772; x_wconf 87' lang='lat' dir='ltr'><strong><em>opinio-</em></strong></span> 
     </span>
     <span class='ocr_line' id='line_1_15' title="bbox 258 1795 2549 1873; baseline -0.001 -18"><span class='ocrx_word' id='word_1_139' title='bbox 258 1816 385 1855; x_wconf 89' lang='lat' dir='ltr'><strong><em>nem</em></strong></span> <span class='ocrx_word' id='word_1_140' title='bbox 423 1799 708 1873; x_wconf 87' lang='lat' dir='ltr'><strong><em>quamdam</em></strong></span> <span class='ocrx_word' id='word_1_141' title='bbox 747 1798 812 1853; x_wconf 88' lang='lat' dir='ltr'><strong><em>de</em></strong></span> <span class='ocrx_word' id='word_1_142' title='bbox 860 1795 1084 1852; x_wconf 86' lang='lat' dir='ltr'><strong><em>Sallusti</em></strong></span> <span class='ocrx_word' id='word_1_143' title='bbox 1114 1796 1376 1852; x_wconf 88' lang='lat' dir='ltr'><strong><em>brevitate</em></strong></span> <span class='ocrx_word' id='word_1_144' title='bbox 1413 1796 1755 1860; x_wconf 81' lang='lat' dir='ltr'><strong><em>inbibissent,</em></strong></span> <span class='ocrx_word' id='word_1_145' title='bbox 1810 1798 2073 1872; x_wconf 85' lang='lat' dir='ltr'><strong><em>quidquid</em></strong></span> <span class='ocrx_word' id='word_1_146' title='bbox 2104 1797 2293 1855; x_wconf 88' lang='lat' dir='ltr'><strong><em>liceret</em></strong></span> <span class='ocrx_word' id='word_1_147' title='bbox 2326 1800 2549 1863; x_wconf 87' lang='lat' dir='ltr'><strong><em>eiecere,</em></strong></span> 
     </span>
     <span class='ocr_line' id='line_1_16' title="bbox 259 1898 2400 1975; baseline -0.001 -18"><span class='ocrx_word' id='word_1_148' title='bbox 259 1900 453 1975; x_wconf 87' lang='lat' dir='ltr'><strong><em>quidni</em></strong></span> <span class='ocrx_word' id='word_1_149' title='bbox 499 1900 604 1955; x_wconf 91' lang='lat' dir='ltr'><strong><em>iam</em></strong></span> <span class='ocrx_word' id='word_1_150' title='bbox 653 1898 1060 1975; x_wconf 81' lang='lat' dir='ltr'><strong><em>antiquioribus</em></strong></span> <span class='ocrx_word' id='word_1_151' title='bbox 1105 1898 1444 1972; x_wconf 86' lang='lat' dir='ltr'><strong><em>temporibus</em></strong></span> <span class='ocrx_word' id='word_1_152' title='bbox 1491 1899 1630 1955; x_wconf 88' lang='lat' dir='ltr'><strong><em>idem</em></strong></span> <span class='ocrx_word' id='word_1_153' title='bbox 1670 1900 1875 1956; x_wconf 83' lang='lat' dir='ltr'><strong><em>factum</em></strong></span> <span class='ocrx_word' id='word_1_154' title='bbox 1921 1916 2041 1955; x_wconf 89' lang='lat' dir='ltr'><strong><em>esse</em></strong></span> <span class='ocrx_word' id='word_1_155' title='bbox 2082 1901 2400 1957; x_wconf 80' lang='lat' dir='ltr'><strong><em>credamus?</em></strong></span> 
     </span>
    </p>
   </div>
   <div class='ocr_carea' id='block_1_3' title="bbox 211 2017 2551 3214">
    <p class='ocr_par' dir='ltr' id='par_1_3' title="bbox 211 2017 2551 3214">
     <span class='ocr_line' id='line_1_17' title="bbox 431 2017 2547 2092; baseline 0 -19"><span class='ocrx_word' id='word_1_156' title='bbox 431 2019 546 2092; x_wconf 83' lang='lat' dir='ltr'><strong><em>lug.</em></strong></span> <span class='ocrx_word' id='word_1_157' title='bbox 597 2027 657 2082; x_wconf 93' lang='grc'><strong><em>1,</em></strong></span> <span class='ocrx_word' id='word_1_158' title='bbox 693 2028 726 2079; x_wconf 83' lang='lat'>5</span> <span class='ocrx_word' id='word_1_159' title='bbox 784 2017 1002 2086; x_wconf 83' lang='lat' dir='ltr'><strong><em>Quodsi</em></strong></span> <span class='ocrx_word' id='word_1_160' title='bbox 1041 2017 1362 2075; x_wconf 77' lang='lat' dir='ltr'><strong><em>hominibus</em></strong></span> <span class='ocrx_word' id='word_1_161' title='bbox 1404 2018 1685 2075; x_wconf 86' lang='lat' dir='ltr'><strong><em>bonarum</em></strong></span> <span class='ocrx_word' id='word_1_162' title='bbox 1740 2034 1939 2074; x_wconf 86' lang='lat' dir='ltr'><strong><em>rerum</em></strong></span> <span class='ocrx_word' id='word_1_163' title='bbox 1983 2023 2145 2075; x_wconf 88' lang='lat' dir='ltr'><strong><em>tanta</em></strong></span> <span class='ocrx_word' id='word_1_164' title='bbox 2192 2037 2340 2075; x_wconf 84' lang='lat' dir='ltr'><strong><em>cura</em></strong></span> <span class='ocrx_word' id='word_1_165' title='bbox 2383 2026 2547 2087; x_wconf 77' lang='lat' dir='ltr'><strong><em>essct,</em></strong></span> 
     </span>
     <span class='ocr_line' id='line_1_18' title="bbox 256 2118 2551 2194; baseline -0 -18"><span class='ocrx_word' id='word_1_166' title='bbox 256 2127 478 2194; x_wconf 82' lang='lat' dir='ltr'><strong><em>quanto</em></strong></span> <span class='ocrx_word' id='word_1_167' title='bbox 529 2122 715 2177; x_wconf 88' lang='lat' dir='ltr'><strong><em>studio</em></strong></span> <span class='ocrx_word' id='word_1_168' title='bbox 773 2122 963 2177; x_wconf 87' lang='lat' dir='ltr'><strong><em>aliena</em></strong></span> <span class='ocrx_word' id='word_1_169' title='bbox 1018 2135 1089 2175; x_wconf 88' lang='lat' dir='ltr'><strong><em>ac</em></strong></span> <span class='ocrx_word' id='word_1_170' title='bbox 1130 2119 1276 2175; x_wconf 77' lang='lat' dir='ltr'><strong><em>nihil</em></strong></span> <span class='ocrx_word' id='word_1_171' title='bbox 1309 2118 1633 2191; x_wconf 79' lang='lat' dir='ltr'><strong><em>profutura</em></strong></span> <span class='ocrx_word' id='word_1_172' title='bbox 1678 2122 1968 2193; x_wconf 84' lang='lat' dir='ltr'><strong><em>multaque</em></strong></span> <span class='ocrx_word' id='word_1_173' title='bbox 2010 2123 2179 2176; x_wconf 86' lang='lat' dir='ltr'><strong><em>etiarn</em></strong></span> <span class='ocrx_word' id='word_1_174' title='bbox 2219 2123 2551 2194; x_wconf 83' lang='lat' dir='ltr'><strong><em>periculosa</em></strong></span> 
     </span>
     <span class='ocr_line' id='line_1_19' title="bbox 245 2221 2545 2296; baseline -0.001 -17"><span class='ocrx_word' id='word_1_175' title='bbox 245 2228 494 2295; x_wconf 82' lang='lat' dir='ltr'><strong><em>petunt,</em></strong></span> <span class='ocrx_word' id='word_1_176' title='bbox 560 2224 890 2295; x_wconf 85' lang='lat' dir='ltr'><strong><em>periculosa</em></strong></span> <span class='ocrx_word' id='word_1_177' title='bbox 959 2221 1260 2277; x_wconf 87' lang='lat' dir='ltr'><strong><em>sententiae</em></strong></span> <span class='ocrx_word' id='word_1_178' title='bbox 1328 2240 1438 2277; x_wconf 87' lang='lat' dir='ltr'><strong><em>non</em></strong></span> <span class='ocrx_word' id='word_1_179' title='bbox 1494 2224 1627 2278; x_wconf 89' lang='lat' dir='ltr'><strong><em>satis</em></strong></span> <span class='ocrx_word' id='word_1_180' title='bbox 1694 2222 1870 2279; x_wconf 79' lang='lat' dir='ltr'><strong><em>facere</em></strong></span> <span class='ocrx_word' id='word_1_181' title='bbox 1951 2240 2271 2296; x_wconf 84' lang='lat' dir='ltr'><strong><em>persensere</em></strong></span> <span class='ocrx_word' id='word_1_182' title='bbox 2340 2222 2389 2277; x_wconf 93' lang='lat' dir='ltr'><strong><em>ei</em></strong></span> <span class='ocrx_word' id='word_1_183' title='bbox 2448 2224 2545 2277; x_wconf 83' lang='lat' dir='ltr'><strong><em>viri</em></strong></span> 
     </span>
     <span class='ocr_line' id='line_1_20' title="bbox 254 2317 2544 2399; baseline -0.001 -18"><span class='ocrx_word' id='word_1_184' title='bbox 254 2325 409 2381; x_wconf 86' lang='lat' dir='ltr'><strong><em>docti</em></strong></span> <span class='ocrx_word' id='word_1_185' title='bbox 451 2324 548 2399; x_wconf 91' lang='lat' dir='ltr'><strong><em>qui</em></strong></span> <span class='ocrx_word' id='word_1_186' title='bbox 589 2325 1062 2398; x_wconf 87' lang='lat' dir='ltr'><strong><em>paucissumorum</em></strong></span> <span class='ocrx_word' id='word_1_187' title='bbox 1105 2321 1371 2380; x_wconf 83' lang='lat' dir='ltr'><strong><em>librorum</em></strong></span> <span class='ocrx_word' id='word_1_188' title='bbox 1399 2317 1443 2396; x_wconf 92' lang='lat'><strong><em>¹)</em></strong></span> <span class='ocrx_word' id='word_1_189' title='bbox 1488 2324 1814 2399; x_wconf 87' lang='lat' dir='ltr'><strong><em>scripturam</em></strong></span> <span class='ocrx_word' id='word_1_190' title='bbox 1852 2326 2177 2397; x_wconf 87' lang='lat' dir='ltr'><strong><em>pernitiosa</em></strong></span> <span class='ocrx_word' id='word_1_191' title='bbox 2216 2324 2544 2399; x_wconf 75' lang='lat' dir='ltr'><strong><em>probavere,</em></strong></span> 
     </span>
     <span class='ocr_line' id='line_1_21' title="bbox 211 2425 2545 2502; baseline -0.001 -19"><span class='ocrx_word' id='word_1_192' title='bbox 211 2479 218 2483; x_wconf 91' lang='lat'><strong><em>.</em></strong></span> <span class='ocrx_word' id='word_1_193' title='bbox 254 2425 560 2483; x_wconf 69' lang='lat' dir='ltr'><strong><em>Doderlein.</em></strong></span> <span class='ocrx_word' id='word_1_194' title='bbox 601 2426 734 2482; x_wconf 87' lang='lat' dir='ltr'><strong><em>Mus.</em></strong></span> <span class='ocrx_word' id='word_1_195' title='bbox 773 2426 938 2482; x_wconf 89' lang='lat' dir='ltr'><strong><em>Rhen.</em></strong></span> <span class='ocrx_word' id='word_1_196' title='bbox 990 2430 1125 2485; x_wconf 74' lang='lat'>1829</span> <span class='ocrx_word' id='word_1_197' title='bbox 1165 2444 1218 2499; x_wconf 90' lang='lat' dir='ltr'><strong><em>p.</em></strong></span> <span class='ocrx_word' id='word_1_198' title='bbox 1270 2433 1348 2485; x_wconf 83' lang='lat'><strong><em>15.</em></strong></span> <span class='ocrx_word' id='word_1_199' title='bbox 1419 2426 1622 2482; x_wconf 88' lang='lat' dir='ltr'><strong><em>Linker</em></strong></span> <span class='ocrx_word' id='word_1_200' title='bbox 1661 2426 1777 2483; x_wconf 86' lang='lat' dir='ltr'><strong><em>Act.</em></strong></span> <span class='ocrx_word' id='word_1_201' title='bbox 1818 2446 1999 2502; x_wconf 82' lang='lat' dir='ltr'><strong><em>gymn.</em></strong></span> <span class='ocrx_word' id='word_1_202' title='bbox 2044 2426 2229 2483; x_wconf 85' lang='lat' dir='ltr'><strong><em>Austr.</em></strong></span> <span class='ocrx_word' id='word_1_203' title='bbox 2276 2427 2341 2482; x_wconf 93' lang='lat' dir='ltr'><strong><em>VI</em></strong></span> <span class='ocrx_word' id='word_1_204' title='bbox 2368 2446 2421 2501; x_wconf 88' lang='lat' dir='ltr'><strong><em>p.</em></strong></span> <span class='ocrx_word' id='word_1_205' title='bbox 2460 2432 2545 2485; x_wconf 79' lang='lat'><strong><em>45.</em></strong></span> 
     </span>
     <span class='ocr_line' id='line_1_22' title="bbox 255 2526 2549 2599; baseline 0 -15"><span class='ocrx_word' id='word_1_206' title='bbox 255 2530 333 2584; x_wconf 87' lang='lat' dir='ltr'><strong><em>At</em></strong></span> <span class='ocrx_word' id='word_1_207' title='bbox 373 2528 416 2584; x_wconf 89' lang='lat' dir='ltr'><strong><em>si</em></strong></span> <span class='ocrx_word' id='word_1_208' title='bbox 450 2530 774 2599; x_wconf 85' lang='lat' dir='ltr'><strong><em>pernitiosa</em></strong></span> <span class='ocrx_word' id='word_1_209' title='bbox 812 2526 1098 2588; x_wconf 86' lang='lat' dir='ltr'><strong><em>scribitur,</em></strong></span> <span class='ocrx_word' id='word_1_210' title='bbox 1164 2533 1340 2582; x_wconf 88' lang='lat' dir='ltr'><strong><em>tamen</em></strong></span> <span class='ocrx_word' id='word_1_211' title='bbox 1387 2527 1597 2583; x_wconf 86' lang='lat' dir='ltr'><strong><em>violata·</em></strong></span> <span class='ocrx_word' id='word_1_212' title='bbox 1628 2545 1689 2584; x_wconf 89' lang='lat' dir='ltr'><strong><em>ac</em></strong></span> <span class='ocrx_word' id='word_1_213' title='bbox 1733 2528 1879 2585; x_wconf 86' lang='lat' dir='ltr'><strong><em>laesa</em></strong></span> <span class='ocrx_word' id='word_1_214' title='bbox 1923 2536 2007 2585; x_wconf 90' lang='lat' dir='ltr'><strong><em>est</em></strong></span> <span class='ocrx_word' id='word_1_215' title='bbox 2050 2528 2414 2585; x_wconf 89' lang='lat' dir='ltr'><strong><em>membrorum</em></strong></span> <span class='ocrx_word' id='word_1_216' title='bbox 2462 2546 2549 2584; x_wconf 90' lang='lat' dir='ltr'><strong><em>ae-</em></strong></span> 
     </span>
     <span class='ocr_line' id='line_1_23' title="bbox 257 2627 2548 2706; baseline 0 -20"><span class='ocrx_word' id='word_1_217' title='bbox 257 2629 573 2705; x_wconf 87' lang='lat' dir='ltr'><strong><em>quabilitas,</em></strong></span> <span class='ocrx_word' id='word_1_218' title='bbox 609 2630 766 2686; x_wconf 92' lang='lat' dir='ltr'><strong><em>cuius</em></strong></span> <span class='ocrx_word' id='word_1_219' title='bbox 811 2627 1129 2684; x_wconf 85' lang='lat' dir='ltr'><strong><em>Sallustium</em></strong></span> <span class='ocrx_word' id='word_1_220' title='bbox 1171 2628 1649 2686; x_wconf 83' lang='lat' dir='ltr'><strong><em>studiosissumum</em></strong></span> <span class='ocrx_word' id='word_1_221' title='bbox 1696 2630 1867 2686; x_wconf 81' lang='lat' dir='ltr'><strong><em>fuisse</em></strong></span> <span class='ocrx_word' id='word_1_222' title='bbox 1920 2632 2025 2687; x_wconf 89' lang='lat' dir='ltr'><strong><em>iam</em></strong></span> <span class='ocrx_word' id='word_1_223' title='bbox 2069 2650 2235 2706; x_wconf 90' lang='lat' dir='ltr'><strong><em>supra</em></strong></span> <span class='ocrx_word' id='word_1_224' title='bbox 2280 2630 2548 2687; x_wconf 88' lang='lat' dir='ltr'><strong><em>monitum</em></strong></span> 
     </span>
     <span class='ocr_line' id='line_1_24' title="bbox 254 2728 2551 2808; baseline 0 -20"><span class='ocrx_word' id='word_1_225' title='bbox 254 2739 360 2788; x_wconf 88' lang='lat' dir='ltr'><strong><em>est.</em></strong></span> <span class='ocrx_word' id='word_1_226' title='bbox 438 2733 708 2806; x_wconf 90' lang='lat' dir='ltr'><strong><em>Prospera</em></strong></span> <span class='ocrx_word' id='word_1_227' title='bbox 766 2731 937 2803; x_wconf 81' lang='lat' dir='ltr'><strong><em>igitur</em></strong></span> <span class='ocrx_word' id='word_1_228' title='bbox 994 2728 1215 2785; x_wconf 79' lang='lat' dir='ltr'><strong><em>fortuna</em></strong></span> <span class='ocrx_word' id='word_1_229' title='bbox 1259 2730 1480 2792; x_wconf 87' lang='lat' dir='ltr'><strong><em>accidit,</em></strong></span> <span class='ocrx_word' id='word_1_230' title='bbox 1539 2738 1601 2787; x_wconf 89' lang='lat' dir='ltr'><strong><em>ut</em></strong></span> <span class='ocrx_word' id='word_1_231' title='bbox 1651 2732 1793 2807; x_wconf 87' lang='lat' dir='ltr'><strong><em>apud</em></strong></span> <span class='ocrx_word' id='word_1_232' title='bbox 1842 2732 2075 2807; x_wconf 74' lang='lat' dir='ltr'><strong><em>August.</em></strong></span> <span class='ocrx_word' id='word_1_233' title='bbox 2123 2732 2217 2808; x_wconf 88' lang='lat' dir='ltr'><strong><em>Ep.</em></strong></span> <span class='ocrx_word' id='word_1_234' title='bbox 2255 2733 2363 2789; x_wconf 89' lang='lat' dir='ltr'><strong><em>LIV</em></strong></span> <span class='ocrx_word' id='word_1_235' title='bbox 2405 2734 2463 2787; x_wconf 89' lang='lat' dir='ltr'><strong><em>T.</em></strong></span> <span class='ocrx_word' id='word_1_236' title='bbox 2507 2734 2551 2788; x_wconf 92' lang='lat'><strong><em>11</em></strong></span> 
     </span>
     <span class='ocr_line' id='line_1_25' title="bbox 255 2824 2545 2908; baseline 0 -18"><span class='ocrx_word' id='word_1_237' title='bbox 255 2834 346 2890; x_wconf 89' lang='lat' dir='ltr'><strong><em>ed.</em></strong></span> <span class='ocrx_word' id='word_1_238' title='bbox 387 2834 504 2889; x_wconf 75' lang='lat' dir='ltr'><strong><em>Bas,</em></strong></span> <span class='ocrx_word' id='word_1_239' title='bbox 551 2851 604 2907; x_wconf 87' lang='lat' dir='ltr'><strong><em>p.</em></strong></span> <span class='ocrx_word' id='word_1_240' title='bbox 655 2838 782 2895; x_wconf 83' lang='lat'>160,</span> <span class='ocrx_word' id='word_1_241' title='bbox 840 2830 932 2888; x_wconf 90' lang='lat' dir='ltr'><strong><em>ubi</em></strong></span> <span class='ocrx_word' id='word_1_242' title='bbox 976 2829 1136 2885; x_wconf 86' lang='lat' dir='ltr'><strong><em>verba</em></strong></span> <span class='ocrx_word' id='word_1_243' title='bbox 1193 2830 1326 2888; x_wconf 90' lang='lat' dir='ltr'><strong><em>haec</em></strong></span> <span class='ocrx_word' id='word_1_244' title='bbox 1369 2824 1619 2896; x_wconf 70' lang='lat' dir='ltr'><strong><em>Sallust&#39;i,</em></strong></span> <span class='ocrx_word' id='word_1_245' title='bbox 1680 2834 1923 2908; x_wconf 83' lang='lat' dir='ltr'><strong><em>quamvis</em></strong></span> <span class='ocrx_word' id='word_1_246' title='bbox 1966 2853 2031 2892; x_wconf 88' lang='lat' dir='ltr'><strong><em>eo</em></strong></span> <span class='ocrx_word' id='word_1_247' title='bbox 2088 2853 2197 2891; x_wconf 86' lang='lat' dir='ltr'><strong><em>non</em></strong></span> <span class='ocrx_word' id='word_1_248' title='bbox 2245 2836 2545 2904; x_wconf 84' lang='lat' dir='ltr'><strong><em>nominato,</em></strong></span> 
     </span>
     <span class='ocr_line' id='line_1_26' title="bbox 254 2934 2546 3009; baseline 0 -17"><span class='ocrx_word' id='word_1_249' title='bbox 254 2942 607 3009; x_wconf 86' lang='lat' dir='ltr'><strong><em>repetuntur,</em></strong></span> <span class='ocrx_word' id='word_1_250' title='bbox 651 2934 859 3008; x_wconf 85' lang='lat' dir='ltr'><strong><em>legitur</em></strong></span> <span class='ocrx_word' id='word_1_251' title='bbox 898 2934 1226 3004; x_wconf 83' lang='lat' dir='ltr'><strong><em>periculosa</em></strong></span> <span class='ocrx_word' id='word_1_252' title='bbox 1259 2950 1329 2989; x_wconf 85' lang='lat' dir='ltr'><strong><em>ao</em></strong></span> <span class='ocrx_word' id='word_1_253' title='bbox 1361 2934 1707 3005; x_wconf 86' lang='lat' dir='ltr'><strong><em>pernitiosa,</em></strong></span> <span class='ocrx_word' id='word_1_254' title='bbox 1754 2953 1989 3009; x_wconf 88' lang='lat' dir='ltr'><strong><em>quorum</em></strong></span> <span class='ocrx_word' id='word_1_255' title='bbox 2022 2936 2251 2993; x_wconf 87' lang='lat' dir='ltr'><strong><em>alterum</em></strong></span> <span class='ocrx_word' id='word_1_256' title='bbox 2292 2938 2347 2992; x_wconf 92' lang='lat' dir='ltr'><strong><em>in</em></strong></span> <span class='ocrx_word' id='word_1_257' title='bbox 2389 2936 2546 2993; x_wconf 87' lang='lat' dir='ltr'><strong><em>libris</em></strong></span> 
     </span>
     <span class='ocr_line' id='line_1_27' title="bbox 253 3032 2547 3111; baseline 0.001 -18"><span class='ocrx_word' id='word_1_258' title='bbox 253 3037 522 3094; x_wconf 84' lang='lat' dir='ltr'><strong><em>excidisse</em></strong></span> <span class='ocrx_word' id='word_1_259' title='bbox 563 3045 678 3092; x_wconf 79' lang='lat' dir='ltr'><strong><em>&#39;non</em></strong></span> <span class='ocrx_word' id='word_1_260' title='bbox 723 3036 921 3092; x_wconf 89' lang='lat' dir='ltr'><strong><em>mirum</em></strong></span> <span class='ocrx_word' id='word_1_261' title='bbox 967 3041 1067 3091; x_wconf 89' lang='lat' dir='ltr'><strong><em>est.</em></strong></span> <span class='ocrx_word' id='word_1_262' title='bbox 1149 3032 1356 3101; x_wconf 84' lang='lat' dir='ltr'><strong><em>Quibus</em></strong></span> <span class='ocrx_word' id='word_1_263' title='bbox 1402 3037 1638 3110; x_wconf 83' lang='lat' dir='ltr'><strong><em>receptis</em></strong></span> <span class='ocrx_word' id='word_1_264' title='bbox 1681 3044 1737 3093; x_wconf 90' lang='lat' dir='ltr'><strong><em>et</em></strong></span> <span class='ocrx_word' id='word_1_265' title='bbox 1780 3038 2135 3111; x_wconf 88' lang='lat' dir='ltr'><strong><em>aequabilitas</em></strong></span> <span class='ocrx_word' id='word_1_266' title='bbox 2179 3038 2547 3096; x_wconf 84' lang='lat' dir='ltr'><strong><em>membrorum</em></strong></span> 
     </span>
     <span class='ocr_line' id='line_1_28' title="bbox 253 3136 2546 3214; baseline 0 -19"><span class='ocrx_word' id='word_1_267' title='bbox 253 3138 575 3195; x_wconf 84' lang='lat' dir='ltr'><strong><em>restituitur</em></strong></span> <span class='ocrx_word' id='word_1_268' title='bbox 619 3146 674 3195; x_wconf 89' lang='lat' dir='ltr'><strong><em>et</em></strong></span> <span class='ocrx_word' id='word_1_269' title='bbox 709 3139 999 3200; x_wconf 84' lang='lat' dir='ltr'><strong><em>chiasmuS,</em></strong></span> <span class='ocrx_word' id='word_1_270' title='bbox 1043 3136 1200 3192; x_wconf 90' lang='lat' dir='ltr'><strong><em>cuius</em></strong></span> <span class='ocrx_word' id='word_1_271' title='bbox 1247 3138 1485 3212; x_wconf 87' lang='lat' dir='ltr'><strong><em>scriptor</em></strong></span> <span class='ocrx_word' id='word_1_272' title='bbox 1528 3156 1639 3194; x_wconf 89' lang='lat' dir='ltr'><strong><em>non</em></strong></span> <span class='ocrx_word' id='word_1_273' title='bbox 1669 3138 1846 3195; x_wconf 90' lang='lat' dir='ltr'><strong><em>minus</em></strong></span> <span class='ocrx_word' id='word_1_274' title='bbox 1887 3157 2069 3196; x_wconf 88' lang='lat' dir='ltr'><strong><em>amans</em></strong></span> <span class='ocrx_word' id='word_1_275' title='bbox 2115 3140 2234 3196; x_wconf 82' lang='lat' dir='ltr'><strong><em>suit.</em></strong></span> <span class='ocrx_word' id='word_1_276' title='bbox 2308 3140 2546 3214; x_wconf 85' lang='lat' dir='ltr'><strong><em>Adparet</em></strong></span> 
     </span>
    </p>
   </div>
   <div class='ocr_carea' id='block_1_4' title="bbox 253 3239 2642 3315">
    <p class='ocr_par' dir='ltr' id='par_1_4' title="bbox 253 3239 2642 3315">
     <span class='ocr_line' id='line_1_29' title="bbox 253 3239 2642 3315; baseline -0.001 -16"><span class='ocrx_word' id='word_1_277' title='bbox 253 3240 402 3299; x_wconf 88' lang='lat' dir='ltr'><strong><em>enim</em></strong></span> <span class='ocrx_word' id='word_1_278' title='bbox 459 3240 595 3296; x_wconf 88' lang='lat' dir='ltr'><strong><em>nihil</em></strong></span> <span class='ocrx_word' id='word_1_279' title='bbox 646 3239 954 3315; x_wconf 83' lang='lat' dir='ltr'><strong><em>profuturis</em></strong></span> <span class='ocrx_word' id='word_1_280' title='bbox 1013 3239 1346 3313; x_wconf 89' lang='lat' dir='ltr'><strong><em>respondere</em></strong></span> <span class='ocrx_word' id='word_1_281' title='bbox 1401 3240 1725 3313; x_wconf 84' lang='lat' dir='ltr'><strong><em>periculosa,</em></strong></span> <span class='ocrx_word' id='word_1_282' title='bbox 1783 3240 2083 3315; x_wconf 88' lang='lat' dir='ltr'><strong><em>pernitiosa</em></strong></span> <span class='ocrx_word' id='word_1_283' title='bbox 2140 3241 2358 3304; x_wconf 87' lang='lat' dir='ltr'><strong><em>alienis,</em></strong></span> <span class='ocrx_word' id='word_1_284' title='bbox 2416 3243 2449 3297; x_wconf 91' lang='lat' dir='ltr'><strong><em>i.</em></strong></span> <span class='ocrx_word' id='word_1_285' title='bbox 2496 3260 2543 3299; x_wconf 88' lang='lat' dir='ltr'><strong><em>e.</em></strong></span> <span class='ocrx_word' id='word_1_286' title='bbox 2636 3267 2642 3273; x_wconf 90' lang='lat'><strong>·</strong></span> 
     </span>
    </p>
   </div>
   <div class='ocr_carea' id='block_1_5' title="bbox 256 3328 1863 3417">
    <p class='ocr_par' dir='ltr' id='par_1_5' title="bbox 256 3328 1863 3417">
     <span class='ocr_line' id='line_1_30' title="bbox 256 3328 1863 3417; baseline -0.001 -18"><span class='ocrx_word' id='word_1_287' title='bbox 256 3361 398 3417; x_wconf 85' lang='lat' dir='ltr'><strong><em>quae</em></strong></span> <span class='ocrx_word' id='word_1_288' title='bbox 438 3341 574 3398; x_wconf 90' lang='lat' dir='ltr'><strong><em>nihil</em></strong></span> <span class='ocrx_word' id='word_1_289' title='bbox 616 3341 682 3397; x_wconf 87' lang='lat' dir='ltr'><strong><em>ad</em></strong></span> <span class='ocrx_word' id='word_1_290' title='bbox 725 3342 863 3398; x_wconf 90' lang='lat' dir='ltr'><strong><em>hene</em></strong></span> <span class='ocrx_word' id='word_1_291' title='bbox 908 3328 1174 3415; x_wconf 85' lang='lat' dir='ltr'><strong><em>beateque</em></strong></span> <span class='ocrx_word' id='word_1_292' title='bbox 1216 3342 1498 3398; x_wconf 88' lang='lat' dir='ltr'><strong><em>vivendum</em></strong></span> <span class='ocrx_word' id='word_1_293' title='bbox 1539 3341 1863 3416; x_wconf 87' lang='lat' dir='ltr'><strong><em>pertineant.</em></strong></span> 
     </span>
    </p>
   </div>
   <div class='ocr_carea' id='block_1_6' title="bbox 252 3460 2549 4251">
    <p class='ocr_par' dir='ltr' id='par_1_6' title="bbox 252 3460 2549 4251">
     <span class='ocr_line' id='line_1_31' title="bbox 429 3460 2549 3537; baseline 0.002 -22"><span class='ocrx_word' id='word_1_294' title='bbox 429 3460 543 3534; x_wconf 81' lang='lat' dir='ltr'><strong><em>lug.</em></strong></span> <span class='ocrx_word' id='word_1_295' title='bbox 582 3467 668 3523; x_wconf 83' lang='lat'><strong><em>47,</em></strong></span> <span class='ocrx_word' id='word_1_296' title='bbox 708 3466 742 3518; x_wconf 78' lang='lat'><strong>2</strong></span> <span class='ocrx_word' id='word_1_297' title='bbox 800 3460 934 3517; x_wconf 82' lang='lat' dir='ltr'><strong><em>Huc</em></strong></span> <span class='ocrx_word' id='word_1_298' title='bbox 968 3461 1172 3517; x_wconf 86' lang='lat' dir='ltr'><strong><em>consul</em></strong></span> <span class='ocrx_word' id='word_1_299' title='bbox 1213 3462 1385 3517; x_wconf 89' lang='lat' dir='ltr'><strong><em>simul</em></strong></span> <span class='ocrx_word' id='word_1_300' title='bbox 1425 3464 1745 3533; x_wconf 84' lang='lat' dir='ltr'><strong><em>temptandi</em></strong></span> <span class='ocrx_word' id='word_1_301' title='bbox 1780 3466 1975 3537; x_wconf 73' lang='lat' dir='ltr'><strong><em>qratia</em></strong></span> <span class='ocrx_word' id='word_1_302' title='bbox 2018 3470 2073 3520; x_wconf 85' lang='lat' dir='ltr'><strong><em>et</em></strong></span> <span class='ocrx_word' id='word_1_303' title='bbox 2122 3465 2175 3519; x_wconf 85' lang='lat' dir='ltr'><strong><em>si</em></strong></span> <span class='ocrx_word' id='word_1_304' title='bbox 2203 3470 2549 3535; x_wconf 86' lang='lat' dir='ltr'><strong><em>paterentur</em></strong></span> 
     </span>
     <span class='ocr_line' id='line_1_32' title="bbox 254 3564 2547 3635; baseline 0.001 -15"><span class='ocrx_word' id='word_1_305' title='bbox 254 3564 651 3634; x_wconf 81' lang='lat' dir='ltr'><strong><em>oportunitate</em></strong></span> <span class='ocrx_word' id='word_1_306' title='bbox 693 3564 805 3619; x_wconf 87' lang='lat' dir='ltr'><strong><em>loci</em></strong></span> <span class='ocrx_word' id='word_1_307' title='bbox 832 3564 1194 3634; x_wconf 81' lang='lat' dir='ltr'><strong><em>praesidium</em></strong></span> <span class='ocrx_word' id='word_1_308' title='bbox 1231 3564 1482 3635; x_wconf 82' lang='lat' dir='ltr'><strong><em>inposuit</em></strong></span> <span class='ocrx_word' id='word_1_309' title='bbox 1524 3565 1819 3621; x_wconf 86' lang='lat' dir='ltr'><strong><em>secundum</em></strong></span> <span class='ocrx_word' id='word_1_310' title='bbox 1856 3566 2073 3622; x_wconf 89' lang='lat' dir='ltr'><strong><em>Gruteri</em></strong></span> <span class='ocrx_word' id='word_1_311' title='bbox 2116 3566 2547 3622; x_wconf 84' lang='lat' dir='ltr'><strong><em>emendationem</em></strong></span> 
     </span>
     <span class='ocr_line' id='line_1_33' title="bbox 252 3664 2547 3747; baseline 0.002 -28"><span class='ocrx_word' id='word_1_312' title='bbox 252 3664 506 3740; x_wconf 89' lang='lat' dir='ltr'><strong><em>plerique</em></strong></span> <span class='ocrx_word' id='word_1_313' title='bbox 555 3664 838 3739; x_wconf 88' lang='lat' dir='ltr'><strong><em>scripsere.</em></strong></span> <span class='ocrx_word' id='word_1_314' title='bbox 925 3664 1072 3733; x_wconf 86' lang='lat' dir='ltr'><strong><em>Quae</em></strong></span> <span class='ocrx_word' id='word_1_315' title='bbox 1119 3674 1178 3720; x_wconf 87' lang='lat' dir='ltr'><strong><em>ut</em></strong></span> <span class='ocrx_word' id='word_1_316' title='bbox 1214 3664 1402 3739; x_wconf 87' lang='lat' dir='ltr'><strong><em>paucis</em></strong></span> <span class='ocrx_word' id='word_1_317' title='bbox 1442 3671 1607 3738; x_wconf 87' lang='lat' dir='ltr'><strong><em>atquc</em></strong></span> <span class='ocrx_word' id='word_1_318' title='bbox 1652 3665 1785 3722; x_wconf 85' lang='lat' dir='ltr'><strong><em>adeo</em></strong></span> <span class='ocrx_word' id='word_1_319' title='bbox 1822 3668 2052 3747; x_wconf 76' lang='lat' dir='ltr'><strong><em>vetustis</em></strong></span> <span class='ocrx_word' id='word_1_320' title='bbox 2095 3667 2374 3725; x_wconf 85' lang='lat' dir='ltr'><strong><em>codicibus</em></strong></span> <span class='ocrx_word' id='word_1_321' title='bbox 2418 3686 2547 3723; x_wconf 87' lang='lat' dir='ltr'><strong><em>con-</em></strong></span> 
     </span>
     <span class='ocr_line' id='line_1_34' title="bbox 255 3766 2547 3843; baseline 0.001 -21"><span class='ocrx_word' id='word_1_322' title='bbox 255 3766 522 3828; x_wconf 88' lang='lat' dir='ltr'><strong><em>firmetur,</em></strong></span> <span class='ocrx_word' id='word_1_323' title='bbox 569 3772 745 3822; x_wconf 90' lang='lat' dir='ltr'><strong><em>tamen</em></strong></span> <span class='ocrx_word' id='word_1_324' title='bbox 783 3784 907 3822; x_wconf 91' lang='lat' dir='ltr'><strong><em>cum</em></strong></span> <span class='ocrx_word' id='word_1_325' title='bbox 952 3784 1182 3839; x_wconf 85' lang='lat' dir='ltr'><strong><em>magnus</em></strong></span> <span class='ocrx_word' id='word_1_326' title='bbox 1228 3766 1622 3843; x_wconf 89' lang='lat' dir='ltr'><strong><em>plerorumque</em></strong></span> <span class='ocrx_word' id='word_1_327' title='bbox 1654 3786 1956 3825; x_wconf 86' lang='lat' dir='ltr'><strong><em>consensus</em></strong></span> <span class='ocrx_word' id='word_1_328' title='bbox 1996 3771 2415 3842; x_wconf 87' lang='lat' dir='ltr'><strong><em>oportunitates</em></strong></span> <span class='ocrx_word' id='word_1_329' title='bbox 2459 3787 2547 3825; x_wconf 86' lang='lat' dir='ltr'><strong><em>ex-</em></strong></span> 
     </span>
     <span class='ocr_line' id='line_1_35' title="bbox 255 3866 2548 3946; baseline 0.001 -22"><span class='ocrx_word' id='word_1_330' title='bbox 255 3867 561 3924; x_wconf 85' lang='lat' dir='ltr'><strong><em>hibentium</em></strong></span> <span class='ocrx_word' id='word_1_331' title='bbox 614 3866 1009 3923; x_wconf 85' lang='lat' dir='ltr'><strong><em>dubitationem</em></strong></span> <span class='ocrx_word' id='word_1_332' title='bbox 1066 3876 1272 3931; x_wconf 86' lang='lat' dir='ltr'><strong><em>movet,</em></strong></span> <span class='ocrx_word' id='word_1_333' title='bbox 1330 3876 1444 3924; x_wconf 89' lang='lat' dir='ltr'><strong><em>tum</em></strong></span> <span class='ocrx_word' id='word_1_334' title='bbox 1492 3870 1795 3925; x_wconf 86' lang='lat' dir='ltr'><strong><em>sententiae</em></strong></span> <span class='ocrx_word' id='word_1_335' title='bbox 1832 3871 1991 3926; x_wconf 81' lang='lat' dir='ltr'><strong><em>ratic.</em></strong></span> <span class='ocrx_word' id='word_1_336' title='bbox 2064 3872 2273 3927; x_wconf 89' lang='lat' dir='ltr'><strong><em>Etenim</em></strong></span> <span class='ocrx_word' id='word_1_337' title='bbox 2320 3880 2548 3946; x_wconf 88' lang='lat' dir='ltr'><strong><em>oportu-</em></strong></span> 
     </span>
     <span class='ocr_line' id='line_1_36' title="bbox 258 3968 2544 4048; baseline 0.001 -22"><span class='ocrx_word' id='word_1_338' title='bbox 258 3970 399 4027; x_wconf 85' lang='lat' dir='ltr'><strong><em>nitas</em></strong></span> <span class='ocrx_word' id='word_1_339' title='bbox 452 3968 562 4026; x_wconf 87' lang='lat' dir='ltr'><strong><em>loci</em></strong></span> <span class='ocrx_word' id='word_1_340' title='bbox 619 3987 811 4026; x_wconf 90' lang='lat' dir='ltr'><strong><em>caussa</em></strong></span> <span class='ocrx_word' id='word_1_341' title='bbox 873 3969 1005 4032; x_wconf 82' lang='lat' dir='ltr'><strong><em>suit,</em></strong></span> <span class='ocrx_word' id='word_1_342' title='bbox 1065 3976 1124 4024; x_wconf 91' lang='lat' dir='ltr'><strong><em>ut</em></strong></span> <span class='ocrx_word' id='word_1_343' title='bbox 1176 3970 1426 4027; x_wconf 89' lang='lat' dir='ltr'><strong><em>Metellus</em></strong></span> <span class='ocrx_word' id='word_1_344' title='bbox 1481 3970 1755 4043; x_wconf 83' lang='lat' dir='ltr'><strong><em>Vagenses</em></strong></span> <span class='ocrx_word' id='word_1_345' title='bbox 1813 3972 2176 4048; x_wconf 87' lang='lat' dir='ltr'><strong><em>potissumum</em></strong></span> <span class='ocrx_word' id='word_1_346' title='bbox 2237 3980 2544 4047; x_wconf 88' lang='lat' dir='ltr'><strong><em>temptaret,</em></strong></span> 
     </span>
     <span class='ocr_line' id='line_1_37' title="bbox 259 4071 2545 4146; baseline 0 -18"><span class='ocrx_word' id='word_1_347' title='bbox 259 4090 375 4129; x_wconf 89' lang='lat' dir='ltr'><strong><em>eam</em></strong></span> <span class='ocrx_word' id='word_1_348' title='bbox 436 4079 553 4129; x_wconf 89' lang='lat' dir='ltr'><strong><em>tum</em></strong></span> <span class='ocrx_word' id='word_1_349' title='bbox 613 4071 904 4127; x_wconf 87' lang='lat' dir='ltr'><strong><em>accessisse</em></strong></span> <span class='ocrx_word' id='word_1_350' title='bbox 956 4071 1002 4127; x_wconf 89' lang='lat' dir='ltr'><strong><em>si</em></strong></span> <span class='ocrx_word' id='word_1_351' title='bbox 1061 4071 1140 4126; x_wconf 87' lang='lat' dir='ltr'><strong><em>illi</em></strong></span> <span class='ocrx_word' id='word_1_352' title='bbox 1186 4079 1510 4146; x_wconf 88' lang='lat' dir='ltr'><strong><em>paterentur</em></strong></span> <span class='ocrx_word' id='word_1_353' title='bbox 1572 4089 1894 4146; x_wconf 78' lang='lat' dir='ltr'><strong><em>perversum</em></strong></span> <span class='ocrx_word' id='word_1_354' title='bbox 1936 4082 2037 4131; x_wconf 90' lang='lat' dir='ltr'><strong><em>est.</em></strong></span> <span class='ocrx_word' id='word_1_355' title='bbox 2121 4072 2357 4131; x_wconf 87' lang='lat' dir='ltr'><strong><em>Debebat</em></strong></span> <span class='ocrx_word' id='word_1_356' title='bbox 2399 4074 2545 4139; x_wconf 70' lang='lat' dir='ltr'><strong><em>Sall„</em></strong></span> 
     </span>
     <span class='ocr_line' id='line_1_38' title="bbox 261 4171 2547 4251; baseline 0.003 -22"><span class='ocrx_word' id='word_1_357' title='bbox 261 4174 306 4229; x_wconf 91' lang='lat' dir='ltr'><strong><em>si</em></strong></span> <span class='ocrx_word' id='word_1_358' title='bbox 365 4174 472 4230; x_wconf 85' lang='lat' dir='ltr'><strong><em>tale</em></strong></span> <span class='ocrx_word' id='word_1_359' title='bbox 531 4171 740 4247; x_wconf 88' lang='lat' dir='ltr'><strong><em>aliquid</em></strong></span> <span class='ocrx_word' id='word_1_360' title='bbox 795 4173 1096 4247; x_wconf 84' lang='lat' dir='ltr'><strong><em>exprimere</em></strong></span> <span class='ocrx_word' id='word_1_361' title='bbox 1141 4173 1329 4237; x_wconf 86' lang='lat' dir='ltr'><strong><em>vellet,</em></strong></span> <span class='ocrx_word' id='word_1_362' title='bbox 1375 4173 1646 4231; x_wconf 85' lang='lat' dir='ltr'><strong><em>scribere:</em></strong></span> <span class='ocrx_word' id='word_1_363' title='bbox 1706 4181 1859 4232; x_wconf 88' lang='lat' dir='ltr'><strong><em>ratus</em></strong></span> <span class='ocrx_word' id='word_1_364' title='bbox 1898 4175 1943 4231; x_wconf 91' lang='lat' dir='ltr'><strong><em>si</em></strong></span> <span class='ocrx_word' id='word_1_365' title='bbox 1998 4183 2319 4251; x_wconf 88' lang='lat' dir='ltr'><strong><em>paterentur</em></strong></span> <span class='ocrx_word' id='word_1_366' title='bbox 2366 4176 2547 4235; x_wconf 89' lang='lat' dir='ltr'><strong><em>locum</em></strong></span> 
     </span>
    </p>
   </div>
   <div class='ocr_carea' id='block_1_7' title="bbox 333 4354 2326 4433">
    <p class='ocr_par' dir='ltr' id='par_1_7' title="bbox 333 4354 2326 4433">
     <span class='ocr_line' id='line_1_39' title="bbox 333 4354 2326 4433; baseline 0.005 -30"><span class='ocrx_word' id='word_1_367' title='bbox 333 4354 390 4419; x_wconf 88' lang='lat'><strong><em>1)</em></strong></span> <span class='ocrx_word' id='word_1_368' title='bbox 443 4356 679 4433; x_wconf 82' lang='lat' dir='ltr'><strong><em>Praeter</em></strong></span> <span class='ocrx_word' id='word_1_369' title='bbox 732 4370 765 4419; x_wconf 73' lang='lat' dir='ltr'><em>y</em></span> <span class='ocrx_word' id='word_1_370' title='bbox 817 4356 1026 4405; x_wconf 90' lang='lat' dir='ltr'><strong><em>nullum</em></strong></span> <span class='ocrx_word' id='word_1_371' title='bbox 1077 4358 1208 4406; x_wconf 87' lang='lat' dir='ltr'><strong><em>novi</em></strong></span> <span class='ocrx_word' id='word_1_372' title='bbox 1266 4356 1375 4405; x_wconf 87' lang='lat' dir='ltr'><strong><em>nisi</em></strong></span> <span class='ocrx_word' id='word_1_373' title='bbox 1429 4372 1591 4421; x_wconf 89' lang='lat' dir='ltr'><strong><em>quem</em></strong></span> <span class='ocrx_word' id='word_1_374' title='bbox 1626 4356 1852 4407; x_wconf 64' lang='lat' dir='ltr'><strong><em>Doderl.</em></strong></span> <span class='ocrx_word' id='word_1_375' title='bbox 1882 4359 2326 4413; x_wconf 75' lang='lat' dir='ltr'><strong><em>conmemoravit.</em></strong></span> 
     </span>
    </p>
   </div>
  </div>
 </body>
</html>
