3042 4917
574 239 697 300 116
1262 263 1874 311 comxru1oxcn
1919 267 2066 311 cu».
2109 264 2176 314 v.

572 427 687 475 tuta
731 436 995 493 quaerere
1038 421 1259 477 omnino
1302 420 1527 478 Sallusti
1575 424 1758 497 ingeni
1801 443 1914 481 non
1943 434 2046 487 est,
2093 425 2188 500 qui
2223 443 2324 501 per
2360 441 2572 482 summa
2614 426 2870 502 pericula

570 531 627 578 et
670 521 885 578 labores
925 523 993 578 ad
1034 523 1479 580 inmortalitatem
1520 525 1734 598 gloriae
1774 527 2096 583 enitundum
2137 537 2374 591 censeat,
2427 537 2544 584 tum
2578 530 2704 604 ipse
2743 529 2870 586 luce

568 623 769 680 clarius
813 625 1051 680 ostendit
1097 643 1155 680 se
1196 626 1265 681 de
1301 627 1381 681 eis
1430 635 1642 683 tantum
1683 629 1894 684 artibus
1937 629 2154 692 dicere,
2213 633 2424 702 quibus
2469 647 2698 686 summa
2743 635 2868 688 cla-

568 728 761 782 ritudo
800 735 1069 798 paretur,
1116 715 1249 784 non*
1272 729 1471 802 quibus
1512 729 1624 784 vita
1661 739 1806 792 tuta,
1865 749 2004 804 quae
2049 732 2272 788 latentis
2310 743 2369 789 et
2411 733 2470 788 in
2511 733 2758 789 obscuro
2807 751 2870 788 ac

568 828 807 886 demisso
852 829 1103 902 degentis
1158 838 1272 890 est,
1340 839 1670 904 praestetur.
1773 833 1972 888 Deinde
2025 835 2226 890 mirum
2272 836 2527 908 prosectu
2583 844 2696 898 est,
2767 853 2871 891 cur

454 969 469 983 ,
570 930 811 1006 scriptor
857 934 968 986 tuti
1016 931 1085 986 ab
1132 932 1360 987 honesti
1400 933 1477 988 ita
1520 951 1774 1006 separare
1819 933 2102 996 maluerit,
2153 943 2220 991 ut
2261 936 2496 994 alterum
2541 937 2600 992 in
2643 955 2870 1012 compa·

572 1033 783 1088 ratione
822 1039 1071 1107 poneret,
1118 1051 1217 1089 cur
1244 1052 1357 1090 non
1400 1035 1684 1108 scripserit
1719 1051 1786 1090 eo
1813 1039 2054 1092 tutiores
2095 1046 2198 1093 aut
2239 1044 2424 1112 mayis
2450 1041 2682 1096 honesti
2707 1046 2865 1095 sunt.

572 1133 703 1202 Quis
740 1152 877 1208 ergo
922 1144 1006 1190 est
1024 1179 1039 1196 ‚
1097 1136 1191 1208 qui
1247 1139 1358 1191 tuti
1398 1153 1465 1191 ex
1522 1136 1846 1212 conruptela
1903 1147 2090 1194 natum
2148 1157 2272 1196 esse
2327 1143 2525 1214 neget?
2557 1135 2622 1214 1).
2713 1140 2868 1208 Quae

569 1253 701 1293 vero
738 1255 931 1293 caussa
971 1236 1211 1311 proferri
1244 1245 1433 1312 potest
1470 1237 1525 1292 h.
1571 1236 1636 1300 l.,
1694 1256 1794 1295 cur
1835 1242 2190 1313 magistratus
2233 1251 2290 1297 et
2345 1243 2562 1317 inperia
2611 1261 2728 1298 non
2770 1260 2867 1298 cu·

570 1339 771 1413 piunda
812 1340 1098 1395 videantur
1138 1338 1205 1401 ei,
1252 1339 1347 1413 qui
1389 1340 1455 1395 ad
1484 1357 1666 1394 veram
1707 1339 1940 1413 gloriam
1983 1343 2260 1398 enitatur?
2345 1346 2552 1418 Aperte
2593 1345 2758 1412 llaec:
2801 1362 2867 1400 ea

570 1458 749 1514 neque
788 1440 1020 1497 honaete
1064 1441 1176 1514 peti
1221 1458 1398 1513 neque
1440 1441 1672 1497 honeste
1731 1443 1850 1515 geri
1904 1462 2086 1518 posse.
2175 1445 2310 1500 Cum
2365 1454 2549 1501 autem
2591 1446 2868 1502 honorem

570 1560 731 1598 nemo
774 1560 875 1617 per
918 1542 1172 1598 virtutem
1214 1543 1450 1599 nancisci
1484 1544 1693 1617 possit,
1737 1563 1960 1602 necesse
2003 1555 2118 1609 est,
2167 1550 2260 1620 qui
2307 1565 2432 1603 eum
2480 1548 2716 1622 adeptus
2774 1548 2867 1610 sit,

571 1662 691 1718 per!
712 1645 958 1700 fraudem
999 1645 1251 1718 adeptum
1294 1663 1433 1701 esse.
1524 1644 1640 1712 Qua
1683 1664 1743 1702 re
1791 1647 1898 1703 hoc
1955 1646 2012 1701 in
2055 1648 2234 1704 verbis
2279 1649 2388 1705 illis
2435 1650 2616 1704 inesse
2661 1649 2867 1705 debere

570 1746 955 1820 consequitur:
978 1745 1095 1820 ‚qui
1132 1731 1441 1803 honoribus
1484 1747 1660 1804 iuncti
1701 1757 1856 1811 sunt,
1914 1767 2016 1823 per
2067 1750 2312 1806 fraudem
2363 1751 2578 1814 nancti,
2633 1769 2750 1807 non
2797 1768 2866 1807 eo

570 1848 743 1921 magis
784 1847 1001 1904 honesti
1042 1856 1197 1911 sunt,
1251 1867 1320 1906 eo
1378 1850 1658 1906 maiorem.
1699 1850 1970 1906 honorem
2022 1852 2128 1907 sibi
2182 1869 2379 1926 parare
2433 1861 2702 1927 potuere,
2743 1853 2864 1908 vel:

570 1967 749 2023 neque
802 1950 1001 2023 quibus
1053 1968 1153 2024 per
1210 1952 1453 2007 fraudem
1500 1961 1564 2007 ut
1624 1952 1894 2008 honorem
1947 1954 2396 2010 nanciscerentur
2455 1955 2725 2027 contigit,
2796 1972 2865 2012 eo

570 2053 743 2124 magis
783 2052 1001 2108 honesti
1044 2060 1189 2108 sunt.
1276 2053 1385 2109 Iam
1430 2054 1561 2127 quid
1592 2054 1966 2110 vetustissumi
2004 2055 2132 2112 libri
2173 2057 2284 2112 duo
2315 2055 2610 2112 exhibent?
2654 2057 2698 2111 P
2733 2059 2864 2128 qui-

568 2155 675 2209 bus
722 2171 835 2224 per
884 2154 1160 2226 fraudem
1206 2156 1279 2210 iis
1325 2154 1446 2226 fuit
1478 2158 1568 2210 uti
1605 2158 1716 2211 tuti
1749 2163 1854 2211 aut
1884 2173 1984 2218 eo‚·
2037 2151 2106 2213 Pl
2164 2160 2370 2230 quibus
2415 2174 2531 2228 per
2579 2157 2866 2229 fraudem

568 2257 659 2336 131’3
700 2257 819 2328 fuit
860 2260 948 2313 uti
986 2273 1054 2311 eo
1096 2259 1311 2329 magns,
1364 2265 1421 2313 et
1462 2265 1656 2331 postea
1699 2258 1918 2315 demum
1956 2268 2272 2316 com-ectum
2310 2267 2398 2315 est
2439 2262 2564 2314 tuti.
2656 2261 2742 2316 Iis
2777 2259 2864 2316 vel

568 2362 659 2415 his
693 2360 828 2415 ferri
866 2377 977 2414 non
1012 2375 1204 2432 posse,
1254 2360 1511 2432 quoniam
1550 2360 1826 2433 praecedit
1871 2360 2168 2434 singularis
2209 2363 2408 2429 Ιιοηοε,
2455 2363 2711 2436 adparet,
2759 2380 2865 2418 nec

571 2469 751 2517 tamen
777 2460 997 2516 difficile
1026 2469 1111 2516 est
1140 2461 1208 2516 ad
1234 2460 1684 2534 intellegundum,
1722 2463 1965 2519 additum
1996 2463 2049 2518 id
2079 2481 2218 2525 esse,
2259 2471 2324 2519 ut
2355 2465 2442 2518 uti
2466 2462 2715 2526 haberet,
2749 2481 2863 2537 quo

570 2565 873 2618 referretur
900 2555 967 2633 ²).
1052 2562 1113 2616 In
1157 2562 1455 2637 archetypo
1498 2580 1634 2636 ergo
1675 2573 1888 2621 certum
1925 2573 2011 2620 est
2049 2565 2249 2620 fuisse:
2305 2581 2493 2636 neque
2533 2567 2621 2621 illi
2653 2567 2866 2637 quibus

566 2679 678 2735 per
704 2664 981 2736 fraudem
1005 2660 1126 2734 fuit
1151 2666 1240 2718 uti
1278 2680 1343 2720 eo
1376 2669 1560 2738 mayis
1602 2666 1830 2722 honesti
1865 2673 2016 2722 sunt.
2093 2664 2240 2734 Quae
2271 2667 2546 2741 scriptura
2578 2685 2762 2724 noune
2796 2667 2862 2723 ad

570 2769 895 2824 sententiam
919 2782 1149 2839 prorsus
1179 2774 1305 2840 apta
1330 2767 1450 2821 est?
1494 2767 1626 2822 Nam
1651 2767 1925 2824 obiectum
1963 2768 2117 2824 verbi
2145 2770 2232 2824 uti
2262 2768 2528 2825 omissum
2557 2768 2862 2825 obtendere

569 2886 682 2924 non
706 2876 909 2942 potest,
938 2885 1063 2922 cum
1089 2884 1249 2923 nemo
1275 2868 1404 2941 quid
1434 2869 1822 2925 adsumendum
1849 2871 1922 2925 sit
1952 2870 2158 2926 frustra
2189 2870 2540 2943 quaesiturus
2565 2870 2656 2932 sit,
2681 2888 2863 2944 neque

566 2977 655 3027 est
688 2989 811 3026 cum
844 2969 1108 3025 infinitivo
1138 2970 1486 3026 coniunctum
1519 2987 1844 3045 quamquam
1877 2977 2166 3046 poctarum
2192 2972 2364 3028 moris
2391 2978 2493 3034 est,
2529 2971 2600 3027 ab
2635 2971 2865 3028 Sallusti

566 3073 789 3146 ingenio
822 3071 1057 3129 alienum
1090 3072 1429 3128 iudicandum
1453 3079 1556 3134 est,
1597 3072 1800 3148 quippe
1829 3074 1923 3146 qui
1948 3073 2120 3129 multa
2155 3074 2222 3129 ad
2253 3073 2584 3130 Graecorum
2614 3075 2862 3149 exempla

568 3192 796 3231 novasse
839 3175 1100 3236 videatur,
1147 3191 1324 3248 eoque
1380 3173 1558 3229 miuus
1599 3191 1724 3228 cum
1769 3192 1936 3249 supra
1987 3193 2042 3249 p.
2096 3181 2165 3236 96
2209 3182 2273 3230 ut
2315 3175 2430 3248 lug.
2480 3183 2597 3238 110,
2641 3183 2678 3236 3
2718 3177 2862 3232 idem

564 3277 776 3332 dicendi
814 3294 987 3349 genus
1021 3275 1307 3349 probetur,
1348 3274 1674 3331 sententiam
1717 3275 1998 3348 postulare
2035 3276 2470 3350 cognoverimus.
2539 3277 2734 3334 Nonne
2769 3278 2862 3334 de-

565 3378 732 3450 nique
781 3376 939 3432 facile
975 3377 1321 3451 perspicitur,
1367 3394 1477 3451 quo
1524 3377 1686 3433 modo
1737 3395 1803 3432 ex
1846 3377 1940 3432 illa
1982 3379 2256 3453 scriptura
2291 3378 2558 3441 relicuae,
2607 3397 2748 3453 quae
2807 3381 2862 3434 in

566 3477 721 3533 libris
764 3485 909 3541 sunt,
943 3478 1063 3550 fuit
1102 3481 1228 3546 tuti,
1269 3479 1388 3551 fuit
1431 3481 1658 3550 utique,
1703 3465 1822 3550 fziit
1865 3483 1977 3535 tuti
2009 3483 2206 3552 utique
2227 3525 2243 3550 ‚
2283 3497 2530 3554 quaeque
2575 3488 2706 3536 ante
2743 3481 2864 3553 fuit

564 3573 744 3636 addita
789 3588 935 3643 sunt,
975 3581 1123 3636 nasci
1165 3581 1486 3654 potuerint?

732 3681 847 3755 lug.
898 3691 979 3745 10,
1024 3688 1057 3743 7
1102 3685 1239 3754 quia
1283 3689 1470 3740 aetate
1511 3688 1568 3738 et
1595 3683 1882 3752 sapientia
1917 3685 2092 3755 prior
2124 3698 2186 3739 es
2229 3700 2296 3740 eo
2330 3682 2610 3740 lubentius
2655 3683 2858 3757 recepi,

562 3801 686 3842 cum
725 3803 793 3841 eo
836 3784 876 3840 P
918 3785 1159 3847 duceret,
1203 3793 1260 3842 et
1307 3786 1354 3842 si
1396 3783 1682 3842 relativum
1724 3777 2023 3848 teneretur,
2067 3785 2258 3860 utique
2308 3785 2717 3841 coniunctivum
2761 3785 2862 3840 La·

562 3887 751 3944 tinitas
791 3886 1095 3974 efflagitare
1141 3887 1432 3945 videretur.

632 4052 681 4119 1)
716 4054 800 4104 Ne
838 4053 968 4119 quid
1005 4070 1073 4104 ex
1109 4052 1299 4104 aliena
1344 4051 1509 4103 laude
1546 4052 1682 4102 mihi
1802 4053 1856 4116 2)
1894 4055 1970 4102 eis
2007 4050 2077 4100 ad
2112 4055 2439 4116 mayz'stratus
2462 4057 2515 4100 et
2539 4053 2750 4116 inperia
2771 4068 2856 4102 re-

562 4140 861 4205 adrogasse
898 4140 1110 4202 videar,
1148 4139 1427 4190 Linkerus
1451 4141 1564 4188 iam
1600 4139 1683 4188 ita
1735 4138 1870 4188 ferri
1904 4153 2068 4202 posse
2103 4153 2214 4186 non
2237 4139 2464 4201 ignarus
2490 4151 2644 4200 sum;
2685 4144 2745 4187 at
2775 4139 2859 4187 sic

560 4240 620 4274 se
658 4225 908 4276 iudicare
945 4225 1215 4289 ostendit,
1266 4228 1363 4274 tuti
1396 4231 1485 4274 aut
1519 4225 1680 4274 uncis
1735 4224 2042 4273 contortior
2095 4224 2286 4288 utique
2347 4223 2527 4272 oratio
2591 4221 2861 4273 Sallustio

559 4309 868 4360 includens.
1724 4293 2012 4359 'tribuitur-
