3042 4917
676 284 703 297 ‘
868 299 1475 347 conmuu'rxosun
1520 297 1666 342 cn».
1710 298 1796 341 ιν.
1833 330 1842 335 .
2395 279 2478 339 47

193 461 320 537 (cfr.
368 461 481 517 Cat.
529 468 611 523 39,
662 468 708 522 l,
756 460 909 517 cuius
952 458 1171 532 generis
1214 474 1359 515 nunc
1406 456 1584 513 iudico
1621 472 1740 511 esse
1784 454 1898 527 lug.
1939 460 2024 517 88,
2069 461 2104 515 6
2143 457 2226 510 ita
2265 454 2480 528 Iu9ur-

192 566 357 620 tham
406 570 507 619 aut
536 564 853 634 praesidiis
896 562 1202 628 nudatum,
1260 561 1313 615 si
1350 572 1421 614 ea
1452 565 1778 630 pateretur,
1823 563 1925 612 aut
1961 558 2184 627 proelio
2226 563 2480 613 certatu—
2513 615 2538 635 χ

192 684 350 733 rum,
392 660 463 721 {le
502 682 610 739 quo
650 662 773 721 loco
819 662 948 719 olim
982 661 1253 737 disputavi
1288 661 1442 717 Obss.
1489 678 1544 734 p.
1591 658 1671 732 1),
1717 667 1908 716 contra
1953 666 2210 732 poneret,
2252 658 2344 715 ubi
2385 666 2480 715 aut

197 768 385 842 quieta
428 775 573 823 esset
620 766 795 822 oratio
834 772 998 838 atque
1031 764 1299 838 scriptor,
1348 762 1429 818 vel
1474 778 1633 837 quem
1683 759 1998 835 loquentem
2035 760 2178 823 fecit,
2223 761 2480 817 distincte

196 888 261 925 ac
304 868 593 943 perspicue
637 868 885 929 doceret,
942 874 1036 923 aut
1076 866 1183 922 nisi
1227 865 1477 922 adiuncta
1520 861 1715 937 copula
1765 870 1980 937 tempus
2021 861 2102 919 vel
2135 862 2327 919 modus
2367 878 2478 919 non

196 971 609 1045 perspiceretur
639 964 702 1043 1),
748 976 858 1032 aut,
906 968 957 1024 id
1001 968 1147 1042 quod
1182 967 1546 1041 potissumum
1581 966 1636 1020 in
1679 964 1970 1021 verborum
2011 962 2338 1039 temporales
2367 965 2480 1020 for-

198 1089 317 1128 mas
360 1072 519 1134 cadit,
568 1071 773 1145 aliquid
820 1070 1021 1127 factum
1063 1086 1181 1126 esse
1226 1068 1309 1123 vel
1354 1084 1465 1141 quo
1512 1074 1726 1142 tempus
1771 1065 2087 1123 definiretur
2121 1065 2204 1122 vel
2233 1073 2295 1123 ut
2323 1084 2480 1141 prae-

200 1174 426 1231 teritum
476 1172 875 1247 significaretur
916 1171 1205 1229 dicundum
1251 1178 1423 1233 esset,
1482 1176 1576 1225 aut
1627 1168 1860 1243 denique
1915 1169 2137 1225 verbum
2189 1184 2313 1225 esse
2369 1186 2478 1227 non

196 1274 430 1349 copulae
473 1274 651 1331 locum
697 1274 985 1337 obtineret,
1026 1274 1119 1329 sed
1150 1272 1451 1346 graviorem
1486 1272 1592 1325 vim
1629 1270 1882 1327 haberet!
1901 1300 1976 1311 —
2023 1288 2146 1327 cum
2191 1271 2360 1344 igitur
2390 1271 2480 1327 ad-

196 1384 391 1451 pareat
458 1376 767 1433 emissionis
828 1375 1098 1431 licentiam
1154 1375 1210 1429 in
1264 1373 1462 1430 iudicio
1519 1390 1580 1429 ac
1636 1389 1800 1429 sensu
1855 1372 2076 1430 Sallusti
2133 1373 2292 1429 sitam
2343 1390 2478 1435 esse,

198 1496 403 1552 magno
450 1496 614 1553 opere
666 1462 957 1533 cavendum
1008 1483 1121 1538 est,
1178 1492 1246 1531 ne
1304 1475 1433 1549 quid
1490 1474 1546 1529 in
1593 1473 1746 1529 libris
1803 1474 2150 1531 scribundum
2195 1474 2362 1547 fuerit
2417 1492 2482 1530 ex

198 1581 282 1635 eis
324 1596 462 1653 quae
501 1586 714 1635 nosmet
758 1578 863 1652 ipsi
908 1577 975 1633 de
1017 1585 1198 1633 mente
1256 1577 1542 1651 scriptoris
1583 1575 1892 1633 finxerimus
1951 1577 2334 1633 existumemus
2383 1594 2482 1651 po-

199 1682 343 1743 tius,
396 1699 558 1755 quam
610 1698 673 1737 ex
726 1680 803 1735 eis
856 1696 994 1753 quae
1048 1686 1241 1735 testata
1294 1686 1423 1735 sunt
1462 1694 1572 1751 quo
1619 1678 1781 1733 animi
1838 1678 2024 1735 habitu
2065 1679 2348 1753 scripserit
2403 1678 2484 1734 iu·

198 1783 459 1839 dicemus.
548 1783 721 1855 Igitur
774 1782 885 1837 Cat.
936 1790 994 1843 5,
1042 1788 1075 1841 3
1128 1796 1313 1852 supra
1365 1797 1538 1851 quam
1587 1782 1856 1851 cuiquam
1893 1782 2161 1837 credibile
2205 1788 2316 1848 esc,
2361 1796 2482 1835 cum

201 1884 465 1941 omissum
490 1900 613 1939 esse
636 1890 739 1949 est,
766 1882 1021 1957 quoniam
1052 1880 1402 1955 praecederet
1436 1897 1484 1948 e,
1515 1880 1774 1937 credibile
1803 1881 2061 1943 videatur,
2087 1898 2207 1937 cum
2245 1882 2482 1955 quamvis

200 1986 377 2041 vivida
414 1984 484 2041 sit
530 1992 584 2050 et
630 1983 823 2041 alacris
868 1982 1127 2039 Catilinae
1182 1982 1367 2055 ingeni
1410 1983 1724 2057 descriptio,
1774 1992 1952 2039 tamen
1995 1980 2342 2056 tranquillius
2387 1982 2484 2037 ali·

203 2087 337 2160 quid
374 2086 760 2159 interpositum
796 2102 916 2141 esse
947 2102 1057 2140 non
1101 2083 1335 2140 alienum
1380 2085 1469 2147 sit,
1514 2084 1748 2158 denique
1781 2083 1906 2142 Sall.
1943 2102 2054 2141 non
2099 2057 2492 2167 vituperandus*
2547 2098 2552 2103 ·

202 2188 294 2251 sit,
340 2188 386 2244 si
431 2187 537 2243 dici
581 2186 841 2267 voluerit:
892 2204 1056 2261 supra
1101 2203 1260 2261 quam
1302 2202 1333 2241 a
1372 2202 1648 2260 quoquam
1691 2186 1947 2242 credibile
1993 2186 2271 2247 habeatur,
2277 2174 2490 2269 ‘librol
2563 2268 2573 2278 .

201 2306 325 2345 rum
381 2289 515 2345 satis
570 2286 868 2345 multorum
917 2304 1217 2361 eorumque
1273 2296 1610 2345 vetustorum
1683 2288 1996 2344 testimonia
2040 2304 2164 2347 ,non
2210 2286 2484 2343 reiciunda

201 2398 374 2464 puto;
419 2406 519 2445 nec
564 2391 735 2463 magis
784 2398 868 2452 20,
905 2399 962 2450 ll
1013 2392 1109 2446 cui
1148 2392 1311 2446 virile
1345 2393 1633 2463 inqenium
1667 2396 1781 2458 est,
1829 2391 1974 2463 quod
2011 2390 2066 2445 in
2110 2388 2150 2444 E
2187 2383 2252 2463 g²
2296 2406 2486 2463 super-

203 2492 499 2566 scriptum,
556 2492 611 2547 in
650 2486 706 2547 εἳ
750 2492 1009 2547 omissum
1046 2499 1164 2553 est,
1222 2493 1482 2549 advorsus
1536 2492 1775 2549 omnium
1827 2491 2156 2549 relicuorum
2200 2490 2358 2547 fidem
2409 2520 2481 2531 --

202 2610 329 2649 nam
364 2593 525 2649 etiam
556 2594 606 2648 ei
643 2593 785 2655 libri,
830 2593 885 2648 in
931 2593 1129 2667 quibus
1172 2595 1321 2649 inest
1360 2594 1641 2669 scriptum,
1683 2602 1953 2651 testantur
1986 2624 2059 2638 —-
2097 2601 2183 2651 est
2209 2592 2488 2668 expellun-

202 2697 331 2751 dum
380 2694 573 2751 iudico.
642 2701 727 2757 46,
776 2702 809 2752 2
844 2695 1110 2751 Linkerus
1150 2705 1371 2770 praeter
1414 2696 1517 2752 alia
1554 2696 1715 2753 etiam
1760 2703 1907 2753 esset
1941 2696 2245 2754 eiciundum
2289 2695 2488 2752 iudica-

204 2798 313 2861 vit;
348 2797 502 2852 cuius
546 2799 847 2854 sententiae
896 2797 951 2852 in
1009 2805 1159 2853 tanto
1204 2806 1513 2854 ceterorum
1559 2815 1829 2855 consensu
1867 2816 1978 2855 nou
2020 2798 2152 2855 satis
2196 2814 2357 2871 grave
2403 2814 2488 2851 ar-

204 2907 525 2971 gumentum
572 2907 671 2962 est,
724 2900 871 2973 quod
914 2899 959 2955 P·
995 2916 1141 2971 opus
1179 2907 1325 2981 erat,
1371 2901 1529 2974 pauci
1574 2901 1907 2957 recentiores
1947 2900 2069 2956 libri
2113 2902 2187 2955 sit
2215 2900 2486 2955 exhibent.

280 3061 341 3125 1)
391 3063 503 3113 Cfr.
543 3080 683 3128 quae
720 3065 851 3114 olim
888 3064 959 3113 ad
994 3064 1113 3128 Iug.
1162 3063 1253 3127 10,
1291 3064 1323 3111 2

207 3164 261 3211 p.
302 3136 527 3197 80—83
574 3155 629 3198 et
665 3148 824 3199 Obss‘.
862 3166 914 3213 p.
953 3149 986 3197 2
1022 3148 1321 3213 disputavi.

205 3232 530 3281 Rarissuma
542 3239 667 3283 sunt
680 3233 1021 3283 coniunctivi
1034 3234 1221 3284 omissi
1236 3249 1325 3283 ex-

206 3317 408 3381 empla.
449 3318 659 3368 Tamen
680 3320 803 3384 Iug.
826 3318 913 3382 53,
932 3319 963 3367 7
989 3325 1039 3369 et
1056 3334 1225 3383 paene
1252 3324 1323 3367 in-

203 3403 483 3465 prudentia
502 3405 766 3454 admissum
784 3404 989 3467 facinus
1020 3404 1321 3463 miserabile,

206 3492 261 3535 ni
284 3488 533 3551 utrimque
564 3492 838 3551 praemissi
860 3492 1054 3553 equites
1090 3505 1196 3538 rem
1232 3492 1324 3539 eke-

197 3573 561 3633 ploravissent,
600 3556 823 3623 facilius
860 3574 1129 3623 toleratur
1164 3589 1325 3639 copu-

205 3655 294 3703 lae
310 3654 555 3717 omissi0,
572 3657 829 3719 quoniam
839 3656 1128 3722 praecedit
1138 3674 1325 3722 paene,
1344 3652 1355 3661 ’

208 3746 263 3789 et
299 3740 651 3804 perspicuum
688 3746 799 3804 est,
848 3744 1156 3805 graviorem
1204 3759 1325 3793 ora-

205 3825 417 3874 tionem
464 3840 614 3888 esse,
664 3825 807 3890 quod
850 3826 1085 3891 scriptor
1137 3827 1324 3891 legen-

206 3910 343 3960 tium
383 3910 598 3961 animos
632 3909 713 3979 ad·
732 3909 808 3973 id,
848 3910 991 3975 quod
1028 3913 1325 3976 evenisset,

208 4010 415 4045 summo
476 4010 640 4059 opere
694 3995 1041 4047 intendisset.
1124 3998 1325 4047 Eorum

208 4078 475 4153 locorumz
514 4095 647 4145 quos
680 4063 743 4128 ‘in
768 4079 931 4130 Obss.
969 4066 1228 4144 tractavi,
1268 4084 1327 4131 in

212 4163 387 4213 altero
425 4164 543 4228 Iug.
570 4162 656 4226 88,
677 4162 711 4213 6
745 4166 801 4213 id
832 4168 1203 4215 simulaveritne
1230 4182 1325 4231 quo

210 4252 497 4311 inprovisus
528 4252 738 4313 ⁸qravior
773 4251 1077 4310 adcederet,
1128 4266 1194 4300 an
1228 4267 1327 4301 mo·

212 4332 405 4384 bititate
440 4336 611 4399 ingeni
636 4350 818 4399 pacem
852 4341 1003 4403 atque
1030 4336 1205 4386 bellum
1229 4353 1327 4385 mu-

1375 3072 1490 3114 tare
1538 3069 1736 3123 solitus,
1783 3082 1964 3128 parum
2011 3069 2334 3128 emptor-atum
2393 3069 2486 3121 est,

1374 3164 1762 3215 praegressum
1807 3152 2174 3198 simulaveritne
2219 3149 2358 3197 lenit
2394 3147 2488 3195 du-

1374 3234 1580 3297 ritiam,
1605 3232 1779 3283 ‘simul
1816 3232 2070 3297 adparet,
2111 3232 2160 3282 si
2193 3240 2260 3281 sit
2297 3232 2490 3281 adiun-

1376 3323 1524 3369 ctum
1547 3323 1712 3382 esset,
1751 3334 1861 3368 non
1881 3323 1996 3367 tam
2033 3318 2099 3366 de
2137 3318 2294 3379 vitio,
2327 3331 2491 3382 quam

1376 3404 1519 3469 quod
1564 3408 1679 3453 tum
1726 3404 1954 3453 fecisset
1997 3404 2060 3452 B.
2111 3402 2348 3467 cogitari
2396 3418 2492 3467 po-

1374 3490 1566 3540 tuisse.
1630 3490 1714 3538 De
1754 3489 1930 3539 altero
1967 3488 2086 3553 Ing.
2129 3486 2245 3549 113,
2277 3487 2303 3535 l
2343 3488 2493 3537 Haec

1377 3574 1596 3623 Maurus
1640 3589 1806 3623 secum
1846 3576 1958 3637 ipse
2005 3575 2091 3622 diu
2133 3580 2334 3625 volvens
2378 3580 2490 3622 tan-

1378 3660 1489 3707 dem
1526 3662 1784 3721 promisit,
1833 3664 2054 3707 ceterum
2099 3660 2216 3709 dolo
2264 3676 2330 3708 cm
2374 3674 2493 3708 vere

1376 3749 1639 3792 cunctatus
1669 3759 1852 3807 parum
1886 3746 2217 3806 conperimus,
2257 3759 2367 3793 non
2397 3742 2492 3791 du-

1378 3828 1529 3877 bium
1556 3834 1658 3891 est,
1698 3829 1830 3893 quin
1853 3834 2115 3877 cunctatus
2139 3827 2494 3891 participium

1381 3917 1435 3961 et
1473 3928 1541 3961 ex
1585 3916 1818 3976 promisit
1854 3912 2206 3976 repetundus.
2231 3912 2305 3961 sit
2350 3912 2492 3961 coni.

1376 3998 1684 4061 promiserit,
1729 4012 1888 4061 quem
1926 3996 1996 4045 ad
2030 3996 2246 4045 modum
2282 4010 2381 4045 nos
2416 3996 2495 4045 lo-

1380 4083 1619 4145 quimur:
1669 4081 1761 4129 ‘Er
1796 4063 2094 4144 vei-'sprach
2129 4096 2207 4143 es,
2245 4080 2314 4129 ob
2350 4080 2498 4129 nach

1378 4164 1808 4230 hinterlistigem
1844 4165 1975 4214 oder
2013 4164 2366 4215 ernstlichem
2390 4164 2498 4215 Be-

1381 4249 1622 4312 denken,
1660 4250 1734 4301 ist
1769 4249 1925 4301 nicht
1960 4250 2197 4315 gewisz.’
