3042 4917
529 277 613 342 64
1211 293 1825 342 oouunn'm'nomm
1868 295 2015 342 cn».
2058 293 2145 342 ιν.

531 460 754 528 ruptum
808 450 1091 510 exhibent:
1142 455 1422 524 permittit
1468 455 1584 511 illis
1627 453 1909 523 homines,
1978 453 2085 512 hoc
2135 463 2197 511 ut
2246 452 2623 512 demonstrent
2682 451 2815 530 ipsis

531 557 614 612 eis
655 554 954 630 permitto,'
987 555 1083 628 qui
1125 554 1206 612 vel
1255 557 1410 612 uncis
1451 555 1722 612 inclusere
1741 554 1843 612 *vel
1886 557 2111 612 eiecere.
2208 556 2302 612 Set
2346 545 2615 631 'quoniam
2678 557 2818 612 unde

531 656 909 714 coniunctivus
931 657 1179 731 pendeat,
1207 657 1260 714 id
1283 674 1484 714 novum
1511 675 1690 732 neque
1713 656 1829 714 ullo
1856 675 2105 714 connexu
2126 658 2479 714 intersertum
2513 657 2818 714 membrum
2862 726 2870 735 .

531 774 654 816 rem
683 791 770 800 —
799 759 1168 815 mittebantur
1215 758 1282 814 ab
1327 760 1422 822 eiS,
1471 775 1616 848 quae
1656 767 1978 835 sequuntur,
2026 766 2259 834 separat,
2306 775 2428 815 meo
2470 758 2591 814 iure
2632 758 2819 814 deleto

529 863 810 934 permittit
855 860 1158 916 orationem
1193 859 1529 916 vitiosiorem
1576 855 1692 917 fie‘ri
1735 869 1831 918 aut
1867 861 2264 917 contortiorem
2308 861 2439 916 mihi
2484 861 2819 916 contendere

536 963 736 1018 videor.
825 963 1087 1036 Superest
1123 961 1276 1018 locus
1319 962 1430 1018 Cat.
1463 969 1549 1024 48,
1588 968 1622 1020 2
1665 965 1839 1020 veluti
1878 979 1957 1018 ex
1998 964 2271 1018 servitute
2311 968 2513 1034 erepta
2540 962 2821 1033 qaudium

485 1100 500 1116 0
533 1073 706 1136 atque
746 1065 1018 1120 laetitiam
1063 1065 1348 1136 ayitabal:
1394 1079 1643 1136 namque
1698 1067 1816 1120 alia
1859 1065 1990 1120 belli
2022 1063 2298 1136 [facinora
2337 1065 2598 1135 praedae
2637 1065 2822 1136 ’παρεὶς

535 1185 708 1239 quam
747 1166 1082 1224 detrimento
1116 1163 1268 1237 fore,
1315 1167 1640 1222 incendium
1686 1182 1820 1223 vero
1866 1167 2100 1222 crudele
2146 1166 2567 1222 inmoderatum
2612 1182 2684 1220 ac
2716 1166 2826 1220 sibi

534 1283 807 1325 maxume
851 1251 1243 1325 calumniosum
1280 1269 1545 1338 putabat,
1593 1269 1807 1340 quippe
1847 1269 1945 1323 cui
1986 1283 2182 1324 omnes
2228 1269 2428 1340 copiae
2470 1268 2531 1322 in
2574 1283 2686 1323 usu
2728 1285 2820 1323 co-

533 1374 749 1428 tidiano
804 1377 860 1426 et
909 1372 1066 1426 cultu
1113 1372 1378 1442 corporis
1432 1375 1620 1424 erant.
1705 1369 2031 1425 varietatem
2073 1369 2377 1443 scripturae
2424 1369 2478 1424 si
2518 1369 2823 1443 perlustra-

535 1473 706 1535 veris,
753 1473 898 1546 quod
944 1472 1192 1543 putabat
1235 1478 1551 1545 suspectum
1594 1470 1781 1527 reddat
1836 1470 1972 1526 nihil
2023 1470 2279 1526 invenieS.
2368 1470 2497 1526 Nam
2545 1471 2585 1525 T
2630 1469 2821 1526 multis

535 1576 712 1632 modis
749 1572 1149 1630 contaminatus
1187 1580 1243 1627 et
1285 1580 1577 1628 conrectus
1620 1580 1721 1636 est,
1764 1566 1891 1646 ghs¹
1940 1571 2223 1628 erroribus
2267 1579 2495 1628 scatent.
2578 1570 2739 1638 Quod
2774 1571 2821 1626 si

537 1678 591 1732 id
633 1675 856 1731 verbum
897 1673 1198 1735 omittitur,
1244 1691 1308 1728 ex
1351 1674 1803 1747 praecedentibus
1836 1673 1971 1747 fore
2008 1672 2366 1748 subplendum
2410 1689 2532 1728 esse
2576 1672 2819 1746 adparet.

537 1778 676 1846 Quid
727 1776 939 1833 autem?
983 1792 1112 1831 num
1155 1773 1446 1832 Sallustius
1487 1776 1635 1839 dicit,
1676 1775 1835 1850 quale
1876 1775 2177 1832 incendium
2224 1776 2470 1832 futurum
2512 1791 2634 1830 esse
2670 1773 2821 1848 plebi

537 1881 710 1936 visum
758 1879 856 1940 sit,
921 1895 989 1933 an
1046 1877 1173 1950 quid
1229 1877 1296 1933 de
1343 1877 1594 1934 omnibus
1664 1877 1923 1934 incendiis
1975 1876 2323 1932 iudicaverit?
2408 1878 2673 1951 Apertum
2735 1883 2821 1930 est

535 1981 747 2057 plebem
789 1979 1028 2036 omnium
1074 1978 1448 2037 incendiorum
1483 1978 1858 2036 crudelitatem
1904 1986 1959 2034 et
2002 1978 2288 2034 coercendi
2332 1996 2395 2036 ac
2438 1962 2819 2050 restinguendi

537 2081 910 2139 difficultatem
953 2081 1355 2138 reformidasse.
1441 2080 1621 2148 Quare
1655 2082 1905 2152 putabat
1944 2080 2108 2136 verbo
2150 2081 2325 2136 careri
2372 2097 2484 2136 non
2527 2086 2733 2154 potest,

704 2184 822 2239 Set·
855 2183 987 2239 illud
1045 2183 1224 2258 ipsum
1283 2192 1447 2258 caput
1503 2182 1617 2238 Cat.
1671 2189 1741 2245 46
1798 2192 1907 2239 tam
1962 2181 2149 2238 multis
2202 2182 2551 2255 glossematis
2606 2187 2820 2236 scatere

534 2287 633 2344 viri
677 2285 824 2342 docti
870 2284 1169 2341 iudicavere
1223 2292 1286 2340 ut
1344 2284 1508 2340 veluti
1568 2284 1719 2340 tabes
1772 2285 2037 2341 vitiandae
2096 2284 2359 2340 orationis
2402 2283 2652 2359 pruritus
2698 2282 2822 2356 qui-

533 2390 656 2446 dam
697 2385 950 2443 librarios
1004 2385 1262 2442 invasisse
1317 2385 1579 2442 videatur.
1666 2388 1743 2443 Ac
1796 2386 2031 2461 primum
2090 2386 2303 2459 quidem
2344 2393 2381 2447 3
2432 2401 2545 2458 que
2572 2385 2819 2441 ‘eiectum

537 2498 638 2553 est,
687 2488 832 2563 quod
875 2487 942 2542 ad
980 2504 1093 2543 rem
1129 2487 1488 2561 aptissumum
1533 2504 1669 2550 esse,
1714 2489 1971 2562 quoniam
2016 2487 2304 2563 Caeparius
2346 2488 2402 2543 in
2446 2485 2821 2563 praecedenti-

444 2585 451 2600 '
501 2583 640 2649 'bus
690 2586 1000 2646 nominatus
1054 2605 1166 2644 non
1209 2597 1322 2651 est,
1383 2589 1614 2645 conlatis
1659 2589 1795 2646 locis
1836 2589 1947 2646 Cat.
1990 2597 2084 2652 30,
2124 2595 2175 2650 7.
2230 2595 2325 2652 47,
2372 2598 2422 2650 3.
2466 2597 2551 2650 53,
2606 2597 2649 2645 ι.
2700 2587 2819 2660 lug.
2862 2645 2869 2651 ,

541 2701 623 2754 19,
671 2697 702 2752 7
749 2691 1002 2765 adparet;
1050 2691 1336 2762 quendam
1380 2699 1561 2747 autem
1604 2691 1735 2765 quin
1778 2698 1927 2748 recte
1958 2710 2081 2748 cum
2117 2700 2345 2767 optumo
2392 2691 2533 2747 libro
2569 2683 2636 2743 Ρι
2668 2697 2823 2745 ante-

538 2801 792 2868 ponatur,
832 2792 883 2847 id
921 2792 1068 2866 quod
1116 2791 1501 2860 inconsultius
1528 2801 1685 2849 antea
1732 2811 2071 2867 negaveram,
2116 2811 2227 2850 non
2270 2793 2510 2850 dubium.
2538 2799 2639 2847 est.
2721 2791 2824 2846 Fa-

535 2895 640 2952 cile
693 2893 864 2967 igitur
918 2893 1278 2968 perspicitur,
1337 2897 1623 2966 quendam
1678 2895 1748 2952 oh
1800 2894 1974 2952 simile
2024 2895 2240 2950 initium
2290 2895 2550 2952 omissum
2610 2901 2665 2950 et
2710 2892 2823 2948 alio

537 2996 660 3053 loco
703 2996 930 3052 inlatum
974 3011 1122 3058 esse,
1182 2996 1512 3070 eandemque
1566 3015 1809 3054 caussam
1861 2998 2029 3054 fuisse
2080 3015 2179 3053 cur
2232 2998 2288 3052 in
2342 2996 2621 3054 nonnullis
2660 2995 2821 3051 libris

536 3114 646 3172 que
685 3099 989 3155 eiiceretur.
1067 3098 1287 3154 Meliore
1333 3099 1451 3155 iure
1487 3099 1543 3170 S.
1574 3106 1607 3158 4
1650 3115 1729 3155 ex
1768 3101 1910 3156 urbe
1952 3098 2145 3174 expelli
2192 3099 2422 3162 videtur,
2468 3097 2617 3172 quod
2666 3097 2722 3153 in
2750 3091 2824 3153 pa

537 3202 816 3263 omissum,
863 3200 920 3256 in
964 3201 1003 3254 B
1029 3201 1478 3275 ‚superscriptum
1517 3208 1618 3256 est.
1700 3200 1832 3258 Cum
1874 3219 2002 3257 vero
2048 3194 2117 3256 P3
2162 3202 2226 3257 ad
2269 3202 2309 3257 B
2350 3207 2602 3257 exaratus
2645 3199 2825 3255 videa·-

536 3311 646 3366 tur,
677 3302 812 3358 nihil
849 3301 993 3358 aliud
1022 3308 1281 3358 testatum
1315 3309 1415 3364 est,
1453 3302 1560 3358 nisi
1597 3303 1651 3357 in
1683 3319 1791 3358 uno
1824 3303 2012 3360 codice·
2042 3302 2473 3378 superscriptum
2504 3318 2641 3364 esse,
2676 3301 2821 3356 unde

503 3467 506 3472 ,
537 3414 722 3460 utrum
761 3405 870 3459 veri
914 3403 1145 3460 similius
1186 3403 1396 3459 videtur
1437 3421 1627 3460 errore
1662 3404 1922 3461 omissum
1951 3422 2087 3467 esse,
2126 3422 2194 3460 an
2224 3406 2506 3478 quemdam
2535 3401 2821 3458 librarium

537 3506 690 3580 quod
751 3504 806 3560 in
855 3504 1153 3579 archetypo
1214 3505 1647 3578 superscriptum
1702 3515 1848 3562 esset
1910 3507 2186 3581 sapienter
2239 3506 2483 3581 recipere
2539 3503 2823 3561 noluisse?

539 3607 604 3662 Et
661 3605 901 3680 quamvis
955 3623 1066 3662 non
1122 3605 1487 3662 necessarium
1546 3605 1678 3664 illud
1734 3625 1853 3664 esse
1908 3607 2199 3664 concedam
2252 3606 2384 3681 (cfr.
2427 3606 2543 3680 lug.
2588 3613 2687 3669 54,
2740 3614 2823 3666 10.

537 3715 624 3772 67,
655 3716 704 3768 3.
752 3714 836 3770 69,
872 3714 922 3767 4.
960 3715 1077 3770 106,
1111 3707 1181 3781 2),
1221 3715 1398 3764 tamen
1437 3725 1549 3764 non
1592 3709 1772 3767 minus
1818 3717 1965 3766 recte
2012 3710 2280 3766 adiectum
2321 3709 2611 3770 contendo,
2661 3725 2825 3782 quain

537 3827 616 3867 ex
655 3793 868 3883 oppid5
904 3809 1019 3884 lug.
1061 3815 1146 3872 76,
1192 3817 1236 3870 1.
1315 3810 1514 3867 Contra
1561 3811 1701 3867 infra
1750 3811 1804 3883 S.
1842 3821 1875 3872 5
1918 3807 1979 3868 in
2014 3819 2295 3880 senatum,
2344 3810 2587 3886 quamvis
2632 3827 2824 3866 omnes

536 3912 663 3969 libri
709 3919 941 3974 teneant,
986 3912 1053 3969 ab
1104 3911 1362 3968 Sallustio
1409 3914 1671 3988 scriptum
1720 3931 1839 3969 esse
1884 3913 2015 3969 mihi
2058 3913 2387 3989 persuadere
2428 3929 2540 3969 non
2574 3929 2821 3986 possum.

535 4015 666 4071 Nam
711 4015 758 4070 si
794 4031 916 4071 cum
962 4014 1246 4071 Gerlachio
1294 4023 1350 4070 et
1389 4014 1587 4095 Fabrio
1629 4031 1851 4072 censeas
1898 4014 2216 4072 Sallustium
2260 4015 2439 4089 primo
2486 4014 2621 4070 nihil
2675 4013 2823 4070 aliud

535 4118 809 4191 cogitasse
854 4135 1014 4192 quam
1053 4117 1342 4175 Lentulum
1386 4116 1453 4173 ab
1484 4116 1742 4172 Cicerone
1788 4117 1908 4190 ipso
1944 4117 2265 4190 perductum
2304 4133 2423 4172 esse
2460 4115 2515 4170 in
2553 4123 2824 4177 senatum,

537 4237 698 4293 quem
739 4219 796 4276 in
838 4219 1016 4276 locum
1049 4229 1269 4276 senatus
1311 4226 1640 4274 convocatus
1684 4223 1828 4274 esset
1872 4226 1999 4292 post
2023 4218 2185 4274 modo
2226 4219 2440 4274 demum
2484 4217 2603 4272 eius
2653 4218 2827 4273 menti

538 4322 694 4395 quasi
731 4321 1064 4384 occurrisse,
1111 4322 1230 4377 vide
1273 4330 1456 4376 utrum
1502 4320 1760 4395 scriptori
1806 4319 2160 4395 obprobrium
2204 4319 2505 4376 dementiae
2540 4318 2827 4377 cuiusdam
