3042 4917
550 221 670 288 128
873 306 877 311 Ι
1245 249 1853 296 conusnmrmnnn
1892 250 2035 298 OAP.
2080 249 2144 298 v.

547 418 630 467 set
669 403 917 464 malivola
953 404 1194 480 cogitare
1217 407 1582 464 manufestum
1610 414 1711 472 est,
1734 379 1893 484 'crgo
1919 408 1987 466 de
2016 408 2310 483 generibus
2344 407 2609 468 orationis
2644 411 2837 486 quaeri

517 531 658 570 -non
703 527 882 587 posse,
930 509 996 565 de
1035 509 1116 565 eis
1163 516 1372 566 tantum
1409 493 1776 586 quaerendum
1816 530 1964 576 esse,
2028 529 2165 586 quae
2213 512 2594 569 malivolorum
2624 488 2837 569 'oratio

545 623 771 688 tangere
807 613 1000 688 possit.
1091 610 1235 680 Quae
1269 629 1391 668 cum
1428 613 1502 668 ita
1544 613 1671 677 sint,
1718 613 1805 670 hic
1839 631 2056 689 quoque
2101 614 2255 672 locus
2290 632 2408 671 mea
2448 614 2666 689 quidem
2713 632 2839 671 sen·

547 719 717 775 tentia
763 732 900 789 quae
931 715 988 769 in
1033 713 1090 774 ΞΒ
1126 715 1198 770 sit
1230 716 1566 790 praestantia
1607 715 1784 772 docet.
1825 746 1898 757 —
1940 723 2010 777 28
2041 718 2271 774 formam
2306 718 2731 788 paenitundum
2778 717 2837 778 {B

547 820 887 893 aliorumque
929 816 1230 892 scripturae
1278 819 1690 888 paenitendum
1736 818 1919 875 statim
1964 835 2312 893 praeponam,
2359 837 2480 874 cum
2528 818 2647 875 eius
2692 819 2838 875 ratio

549 928 764 978 ostenta
807 926 901 975 aut
956 936 1088 976 usus
1146 918 1403 994 exemplis
1456 919 1826 994 conprobatus
1869 921 2054 977 fuerit.
2115 951 2189 962 --
2245 928 2310 982 31
2360 923 2542 993 parvi
2576 921 2639 977 id
2674 919 2839 992 facio

546 1041 658 1081 non
702 1032 787 1080 est
829 1021 975 1096 quod
1009 1019 1309 1084 defendam,
1354 1039 1475 1078 cum
1515 1021 1620 1077 iam
1659 1038 1847 1078 omnes
1888 1023 1989 1079 viri
2034 1023 2182 1080 docti
2227 1022 2281 1078 id
2326 1040 2511 1079 verum
2558 1039 2681 1079 esse
2708 1040 2841 1079 con·

546 1125 830 1184 cesserint.
883 1154 956 1165 —
999 1122 1093 1179 Set
1137 1141 1460 1198 quamquam
1503 1123 1745 1180 Vaticani
1790 1142 2089 1182 maxumam
2131 1123 2289 1181 fidem
2332 1133 2496 1198 atque
2540 1125 2841 1180 auctorita-

550 1234 657 1284 tem
696 1244 818 1283 esse
860 1242 1126 1300 agnosco,
1188 1234 1366 1282 tamen
1423 1233 1491 1286 32
1537 1243 1686 1297 quae
1728 1227 1807 1282 ad
1848 1229 2111 1284 virtutem
2148 1227 2475 1283 doctoribus
2512 1228 2658 1283 nihil
2692 1244 2840 1299 pro-

541 1330 806 1404 fuerant,
840 1345 950 1384 non
976 1326 1336 1399 profuerunt
1370 1327 1613 1402 probavi,
1649 1328 1850 1403 quippe
1880 1345 2002 1385 cum
2030 1328 2569 1404 plusquamperfecto
2605 1327 2837 1402 exprimi

545 1433 848 1488 videretur:
896 1445 1034 1503 quae
1073 1429 1169 1492 eis,
1223 1429 1316 1504 qui
1359 1425 1673 1494 docuerant,
1719 1448 1830 1487 non
1867 1448 1983 1487 eam
2018 1430 2311 1488 utilitatem
2348 1429 2731 1504 praebuerant,
2760 1437 2841 1486 xut

493 1510 500 1524 ⁶
546 1542 741 1609 postea
783 1531 1044 1586 virtutem
1087 1532 1453 1593 ostenderent,
1495 1530 1804 1589 libertatem
1851 1533 2057 1590 scilicet
2101 1540 2388 1590 tuerentur
2430 1549 2491 1588 ac
2535 1541 2839 1589 servarent.

547 1635 693 1703 Quae
736 1632 1008 1690 sententia
1049 1633 1400 1689 confirmatur
1456 1632 1733 1690 Plutarchi
1790 1635 2133 1698 testimoniO,
2196 1634 2288 1707 qui
2330 1633 2459 1688 Mar.
2504 1650 2549 1689 c.
2598 1640 2631 1691 2
2690 1634 2841 1690 hunc

545 1735 727 1795 locum
771 1736 846 1791 ita
891 1735 1191 1811 expressit:
1239 1723 1317 1804 ὥς
1357 1734 1593 1810 γελοῖον
1634 1720 1709 1789 ὂν
1765 1724 2079 1812 γράμματα
2118 1723 2456 1811 μανθάνειν
2506 1714 2591 1791 ὧν
2647 1730 2717 1790 οἵ
2749 1730 2836 1790 δι-

549 1828 830 1894 δάσκαλοι
855 1827 1201 1893 δουλεύοιεν
1230 1829 1464 1912 ἑτέροις·
1514 1867 1589 1877 —-
1634 1845 1702 1899 39
1746 1837 1804 1898 Q
1848 1855 1917 1894 ne
1960 1839 2251 1894 Linkerum
2291 1837 2508 1911 quidem
2544 1837 2729 1899 movit,
2778 1845 2842 1892 ut

545 1942 840 1996 sordidum
883 1956 970 1996 me
1011 1945 1067 1996 et
1106 1940 1336 1996 incultis
1377 1940 1632 1995 moribus
1676 1941 1839 1995 aiunt
1881 1949 2104 2016 recepto
2134 1941 2410 2006 incultum
2442 1946 2696 1995 mutaret.
2778 1939 2843 1994 Et

545 2059 741 2098 vereor
782 2060 851 2099 ne
895 2042 1051 2098 multi
1094 2040 1377 2099 clamaturi
1431 2042 1543 2097 sint
1586 2043 1838 2098 moribus
1894 2043 1971 2099 ita
2014 2059 2469 2117 supervacaneum
2515 2057 2652 2097 esse.
2694 2107 2719 2130 δ
2742 2041 2843 2097 Set

545 2145 600 2200 id
641 2163 868 2219 prorsus
913 2162 1072 2218 nego,
1119 2144 1375 2218 quoniam
1415 2144 1525 2200 iam
1566 2143 1633 2199 ab
1660 2143 1966 2218 ignorantia
2002 2144 2308 2201 litterarum
2338 2145 2405 2200 ad
2432 2161 2629 2200 novum
2658 2159 2843 2216 genus

549 2246 826 2320 obprobri,
871 2263 1054 2302 mores
1099 2256 1362 2319 agresteS,
1411 2253 1601 2304 orator
1646 2247 1856 2312 transit,
1898 2265 2034 2322 ergo
2076 2247 2376 2304 docendum
2409 2245 2540 2308 fuit,
2592 2263 2703 2318 quo
2748 2247 2843 2301 in—

545 2349 735 2404 cultus
775 2348 1093 2423 pertineret.
1182 2348 1289 2405 Nec
1331 2350 1493 2406 credo
1538 2349 1841 2413 defuturos,
1890 2349 1982 2424 qui
2027 2349 2345 2406 Sallustium
2386 2347 2668 2404 variandae
2715 2364 2845 2403 ora-

548 2450 714 2506 tionis
759 2450 1063 2506 studiosum
1105 2449 1367 2507 ablativos
1417 2459 1474 2507 et
1517 2452 1827 2524 genetivus,
1888 2469 2025 2525 quos
2065 2451 2343 2524 qualitatis
2388 2447 2725 2524 grammatici
2756 2450 2845 2504 di·

545 2559 705 2614 cunt,
761 2569 888 2608 cum
945 2552 1220 2609 adiectivis
1273 2570 1584 2627 conponere
1630 2571 1837 2610 amasse
1880 2552 2147 2610 dictitent.
2235 2553 2306 2607 At
2350 2552 2478 2608 mihi
2527 2568 2665 2625 quos
2710 2549 2843 2606 finis

548 2653 836 2728 scriptoris
876 2654 1216 2710 consuetudo
1263 2653 1491 2718 habeat,
1552 2672 1617 2711 ex
1660 2655 1929 2712 librorum
1970 2655 2071 2711 fide
2118 2671 2183 2710 eo
2228 2655 2401 2727 magis
2443 2651 2842 2729 explorandum

547 2755 776 2818 videtur,
822 2772 934 2829 quo
967 2755 1170 2812 certius
1216 2773 1377 2830 quam
1420 2747 1591 2814 multa
1633 2755 1841 2814 librarii
1884 2757 1969 2814 vel
2005 2774 2194 2816 errore
2234 2757 2318 2813 vel
2358 2754 2613 2814 consulto
2655 2763 2841 2811 muta-

545 2858 739 2922 verint,
783 2858 1064 2932 cognitum
1105 2858 1296 2915 haheo.

717 3011 831 3086 Ing.
876 3017 972 3075 86,
1016 3020 1051 3073 3
1100 3029 1246 3068 σανα
1287 3011 1804 3069 vetustissumorum
1849 3011 2117 3069 librorum
2159 3012 2429 3086 scriptura
2484 3020 2597 3075 est;
2654 3009 2722 3066 ab
2772 3027 2841 3066 ea

547 3131 694 3171 cura
732 3113 1041 3188 profectum
1085 3113 1306 3190 (quippe
1339 3122 1532 3188 aperto
1566 3114 1659 3171 illo
1701 3113 1757 3188 a)
1802 3115 2037 3171 dativum
2080 3131 2259 3172 curae
2304 3113 2511 3187 genuit.
2599 3111 2681 3167 Ad
2713 3130 2842 3168 sen-

548 3215 774 3273 tentiam
832 3217 1189 3291 aptissumum
1246 3215 1380 3272 illud
1433 3224 1536 3272 est.
1626 3214 1772 3283 Quae
1830 3216 1971 3272 enim
2032 3233 2154 3273 cara
2206 3215 2493 3278 habemUS,
2542 3232 2602 3270 ea
2650 3216 2839 3287 magni

548 3319 801 3381 facimus,
855 3337 923 3374 ne
967 3319 1275 3374 amittamus
1318 3319 1696 3392 providemus,
1754 3318 1992 3374 retinere
2048 3327 2106 3375 et
2155 3335 2477 3374 conservare
2532 3317 2837 3373 studemus.

547 3419 643 3476 Cui
684 3421 855 3493 igitur
899 3438 996 3476 sua
1038 3437 1149 3475 non
1191 3436 1314 3476 cara
1359 3427 1503 3482 sunt,
1549 3419 1594 3476 is
1639 3419 1797 3476 facile
1839 3436 1900 3476 ac
1938 3418 2189 3475 lubenter
2234 3435 2456 3493 quoquo
2498 3419 2717 3474 ducitur
2750 3438 2840 3475 se-

549 3522 751 3597 quitur,
797 3522 862 3577 ad
905 3521 1206 3577 audendum
1249 3529 1471 3595 paratus
1513 3513 1912 3596 promptusque
1956 3528 2056 3578 est.
2146 3519 2212 3575 Et
2257 3519 2509 3576 similiter
2541 3537 2721 3577 carus
2756 3521 2841 3576 di-

545 3631 695 3682 ctum
744 3630 828 3678 est
872 3621 983 3686 Cat,
1025 3629 1108 3685 25,
1143 3629 1178 3682 3
1217 3602 1452 3680 car‘iora
1487 3626 1543 3680 ei
1580 3639 1808 3695 semper
1853 3626 2042 3680 omnia
2078 3640 2251 3694 quam
2294 3625 2470 3679 decus
2511 3628 2683 3693 atque
2718 3639 2840 3695 pu-

547 3727 741 3783 dicitia
779 3722 916 3795 fuit.
982 3725 1096 3798 lug.
1147 3734 1244 3789 15,
1285 3733 1318 3786 3
1360 3729 1565 3798 quibus
1604 3728 1809 3783 bonum
1852 3733 1907 3782 et
1947 3742 2147 3782 aecum
2191 3726 2401 3782 divitiis
2443 3727 2643 3780 carius
2684 3732 2839 3781 crat.

549 3836 630 3892 16,
675 3835 711 3888 4
740 3831 950 3898 paucis
989 3829 1187 3884 carior
1223 3829 1371 3899 fides
1407 3845 1581 3901 quam
1612 3830 1868 3901 pecunia
1905 3828 2041 3901 fuit.

717 3982 832 4055 lug.
877 3989 963 4046 88,
1010 3991 1039 4043 1
1083 3999 1206 4038 cum
1248 3991 1467 4040 constet
1511 3985 1781 4054 accipere
1821 3984 1887 4040 de
1926 3982 2107 4045 modo,
2155 3999 2263 4055 quo
2309 3979 2506 4054 aliquis
2541 3978 2835 4037 adveniens

549 4091 840 4148 tractetur,
901 4103 1062 4161 saepe
1118 4085 1320 4142 dictum
1363 4104 1512 4148 esse,
1558 4086 1625 4142 de
1670 4103 1776 4160 qua
1820 4103 1879 4142 re
1920 4085 2051 4141 satis
2091 4092 2175 4140 est
2230 4083 2295 4139 ad
2346 4082 2515 4139 lexica
2564 4081 2834 4157 relegare,

549 4205 658 4244 11011
688 4179 846 4262 potui
893 4189 1025 4263 quin
1069 4190 1356 4261 accipitur
1402 4206 1466 4244 ex
1509 4187 1746 4262 optumis
1791 4187 1946 4244 libris
1991 4204 2095 4262 pro
2138 4204 2222 4249 eo,
2272 4185 2419 4259 qnod
2448 4163 2689 4241 librariis
2735 4203 2834 4243 no-

551 4291 659 4346 tius
703 4298 866 4354 esset,
916 4293 1236 4366 reciperem,
