3042 4917
200 2109 293 2177 10:

198 2635 282 2685 12.

200 3958 279 4011 13.

886 338 1497 381 coNMEuTAa-muuu
1545 338 1684 379 CAP.
1727 339 1768 379 1.
2442 320 2480 379 5

358 495 777 568 transscriptum
830 511 953 550 esse
1002 495 1384 550 certissumum
1442 480 1540 555 sit',
1597 486 1668 547 P3
1724 510 1787 549 ex
1844 492 2166 555 Basileensi,
2225 494 2278 549 id
2335 496 2480 569 quod
2563 530 2567 535 -

354 596 589 653 Rothius
631 596 860 657 censuit,
904 613 1075 669 paene
1116 595 1375 652 credibile
1415 594 1539 667 (vid.
1579 592 1708 650 infr.
1753 612 1806 669 p.
1853 601 1922 655 26
1965 612 2018 649 n.
2068 593 2136 666 l).

354 698 427 761 G,
474 682 931 772 Guelferbytanus
961 692 1005 770 ¹)
1046 703 1144 760 68,
1191 705 1273 758 16.
1334 698 1429 753 Ms.
1465 698 1602 771 Aug.
1643 703 1680 755 8
1737 695 1936 769 (Ebert
1987 713 2086 751 zur
2129 696 2479 753 Handschrif-

358 799 633 855 tenkunde
675 800 721 855 11
763 818 846 855 nr.
878 797 1001 872 751)
1052 799 1276 855 membr.
1323 800 1483 856 form.
1525 806 1576 861 8.
1619 816 1766 866 saec„
1803 797 1909 853 Xll.
1997 798 2128 855 Cum
2169 799 2391 855 finiatur
2421 800 2476 855 in

354 900 532 957 verbis
576 901 690 973 lug.
742 908 869 964 103,
914 906 949 959 2
990 917 1069 957 ex
1109 904 1263 957 omni
1296 904 1465 973 copia
1509 902 2002 967 necessariorum,
2047 918 2296 974 quaeque
2345 909 2476 975 post

353 1002 445 1057 illa
476 1020 629 1057 erasa
662 1010 807 1065 sunt,
855 1020 965 1058 non
1008 1002 1213 1058 fuerint
1248 1020 1387 1077 quae
1421 1002 1564 1075 apud
1617 1000 1932 1058 Sallustium
1978 1009 2301 1076 sequuntur,
2345 1004 2474 1076 quin

350 1104 526 1179 primo
564 1106 753 1177 generi
798 1104 1191 1160 adscribundus
1234 1104 1307 1160 sit
1354 1104 1578 1159 dubium
1623 1120 1732 1159 non
1779 1111 1864 1159 est
1907 1103 2074 1176 (Cort.
2121 1122 2174 1177 p.
2219 1103 2362 1177 886).

351 1204 407 1269 Ε,
445 1205 861 1261 Einsiedelensis
897 1199 943 1279 2)
990 1224 1130 1261 saec.
1175 1205 1268 1268 XI,
1316 1223 1493 1279 quem,
1543 1205 1782 1279 quamvis
1828 1205 1932 1260 iam
1975 1206 2090 1278 lug.
2137 1212 2223 1269 85,
2270 1212 2340 1266 28
2381 1207 2474 1262 de-

350 1308 521 1368 sinat,
575 1314 753 1363 tamen
811 1307 865 1361 in
912 1307 1091 1381 primo
1146 1325 1349 1381 genere
1395 1323 1708 1369 numerare,
1759 1307 2015 1379 quoniam
2059 1307 2321 1370 Rothius,
2379 1310 2472 1382 qui

350 1426 473 1464 eum
516 1408 809 1481 diligenter
850 1409 1166 1483 exploravit,
1213 1410 1266 1465 id
1312 1410 1608 1469 adseverat,
1655 1425 1768 1464 non
1809 1406 2019 1463 dubito.

348 1510 414 1571 M,
460 1510 796 1565 Monacensis
830 1504 877 1583 3)
920 1511 1039 1566 cod.
1082 1510 1175 1567 lat.
1218 1516 1384 1571 19474
1423 1508 1708 1582 (Tegerns.
1747 1508 1904 1581 1472)
1947 1509 2171 1565 membr.
2220 1508 2380 1567 form.
2417 1520 2468 1572 8.

350 1612 604 1667 Continet
634 1612 869 1685 primum
901 1612 1177 1670 Ciceronis
1212 1613 1490 1669 orationes
1520 1610 1862 1667 Catilinarias
1905 1610 2064 1683 (saec.
2103 1611 2231 1674 XIII,
2267 1630 2300 1668 o
2328 1615 2470 1687 apud

346 1711 651 1785 Halmium),
703 1720 815 1767 tum
854 1714 947 1769 sol.
990 1718 1271 1774 62—145
1310 1713 1534 1768 Sallusti
1581 1711 1863 1767 Catilinam
1907 1719 1962 1769 et
2005 1712 2320 1785 Iugurtham
2367 1715 2470 1772 alia

347 1822 402 1869 et
446 1831 507 1869 ea
554 1814 769 1887 quidem
814 1816 1115 1871 vetustiore
1160 1832 1338 1877 manu,
1387 1833 1546 1889 quam
1593 1832 1698 1888 qua
1745 1815 2022 1870 orationes
2065 1813 2190 1870 illae
2235 1815 2468 1890 scriptae

347 1922 491 1977 sunt,
536 1924 802 1971 exaratos
870 1916 1073 1973 Desinit
1114 1916 1229 1990 lug.
1280 1923 1380 1975 114
1408 1917 1461 1971 in
1508 1916 1686 1972 verbis
1720 1934 1835 1972 non
1861 1933 1974 1987 pro
2002 1916 2190 1987 yloria
2219 1924 2466 1986 certare,

346 2018 450 2072 sed
467 2024 793 2089 postquam,
835 2020 1055 2081 relicua,
1098 2036 1219 2075 cum
1261 2018 1453 2075 folium
1485 2009 1830 2080 finitum'sit,
1877 2017 2140 2073 excidisse
2181 2018 2422 2092 adparet.

342 2110 437 2179 M¹,
476 2117 812 2175 Monacensis
848 2121 965 2176 eod.
1012 2120 1105 2175 lat.
1158 2125 1327 2180 19479
1362 2118 1658 2192 (Tegerns.
1706 2116 1901 2188 1479),
1949 2118 2174 2172 membr.
2221 2119 2396 2175 forma
2433 2128 2468 2180 4

344 2237 483 2275 saec.
530 2220 656 2274 XIII.
745 2222 997 2278 Continet
1056 2221 1231 2277 solum
1278 2221 1595 2277 Sallustium
1640 2218 1772 2292 (147
1817 2216 1932 2294 p.),
1987 2226 2070 2273 set
2114 2220 2288 2293 prima
2336 2240 2464 2295 pag.

344 2322 467 2377 aliis
506 2322 669 2377 rebus
712 2323 961 2379 conferta
1004 2331 1105 2385 est,
1152 2324 1227 2378 ita
1255 2330 1317 2378 ut
1362 2321 1649 2397 scriptoris
1694 2320 1855 2376 verba
1898 2320 1966 2374 ab
2010 2338 2231 2377 revorsa
2267 2324 2464 2396 pagina

344 2424 462 2480 folii
510 2423 673 2498 primi
719 2424 994 2498 incipiant.
1086 2425 1335 2493 Quamvis
1391 2424 1530 2479 male
1572 2423 1789 2479 habitus
1823 2423 1921 2507 pit,
1971 2430 2149 2478 tamen
2195 2423 2338 2480 bona
2385 2426 2464 2481 in-

342 2525 469 2581 dole
512 2542 621 2580 non
666 2543 897 2599 prorsus
940 2535 1107 2583 caret.
1188 2527 1329 2581 Haut
1373 2543 1500 2581 raro
1545 2542 1668 2581 cum
1711 2524 1761 2579 M
1803 2525 2095 2581 consentit.

338 2622 435 2689 M2,
479 2628 815 2684 Monacensis
860 2628 978 2683 cod.
1018 2626 1111 2683 lat.
1150 2635 1289 2689 4559
1333 2626 1890 2700 (Benedictoburanus
1932 2635 2029 2689 59,
2059 2625 2182 2702 219)
2225 2646 2363 2686 saec.
2397 2630 2464 2686 XI

342 2728 598 2807 ineuntis,
637 2737 699 2785 ut
730 2730 783 2783 in
819 2727 1070 2801 catalogo
1100 2736 1323 2785 notatus
1354 2737 1456 2792 est,
1490 2736 1575 2783 set
1611 2746 1715 2801 ego
1747 2747 1885 2785 saec.
1917 2728 2007 2785 XII
2041 2746 2162 2785 esse
2193 2730 2370 2787 iudico
2397 2725 2460 2805 4).

340 2829 457 2905 Fol.
504 2836 572 2887 22
615 2829 803 2886 finitur
843 2831 898 2885 in
940 2831 1117 2887 verbis
1150 2831 1263 2905 lug.
1304 2838 1387 2893 28,
1435 2840 1463 2891 1
1506 2847 1700 2888 omnes
1732 2838 1795 2887 ut
1829 2833 2117 2896 mortaleS,
2165 2840 2294 2904 post
2325 2850 2462 2906 quae

340 2932 673 3006 adscriptum
723 2940 809 2988 est
851 2934 1068 3004 deficit,
1141 2932 1237 2988 fol.
1284 2940 1353 2991 24
1394 2933 1584 3007 incipit
1628 2933 1694 2989 ab
1737 2940 1835 2995 31,
1889 2938 1953 2990 12
1993 2948 2115 2988 rem
2174 2921 2461 3005 publicam

340 3049 713 3105 occupavere.
804 3032 950 3101 Quae
999 3035 1369 3098 intercedunt,
1415 3036 1471 3091 in
1516 3034 1611 3091 fol.
1651 3040 1722 3095 23
1775 3033 1880 3089 alia
1931 3051 2122 3089 manus
2159 3036 2457 3109 posterior,

340 3144 427 3205 set
472 3152 611 3208 quae
672 3136 1030 3193 vetustiorem
1076 3136 1283 3192 imitata
1338 3136 1435 3200 sit,
1496 3138 1572 3193 ita
1632 3134 1932 3208 subplevit‚
1988 3143 2050 3190 ut
2099 3135 2290 3191 folium
2348 3154 2459 3192 non

337 3255 567 3313 prorsus
611 3237 939 3312 expleretur.
1028 3237 1142 3311 lug.
1186 3246 1309 3303 103,
1358 3246 1391 3297 2
1434 3238 1538 3295 alia
1577 3257 1766 3297 manus
1809 3240 1875 3295 ab
1937 3240 1990 3296 V
2027 3240 2230 3311 deleyit
2270 3239 2461 3314 incipit

338 3348 395 3397 et
424 3356 601 3413 usque
629 3339 693 3394 ad
717 3346 1016 3396 extremum
1040 3339 1239 3395 librum
1274 3340 1457 3415 pergit
1491 3340 1672 3415 (quam
1705 3360 1922 3407 manum
1945 3349 2076 3397 nota
2099 3334 2178 3397 m3
2210 3341 2456 3415 signavi).

334 3440 623 3497 Consentit
661 3442 993 3515 saepissume
1036 3459 1158 3497 cum
1202 3442 1252 3497 M
1298 3450 1352 3498 et
1382 3436 1477 3497 M1.
1563 3443 1761 3499 Multae
1805 3445 1862 3499 in
1910 3462 1975 3501 eo
2030 3451 2158 3499 sunt
2217 3462 2456 3509 rasurae,

334 3561 437 3599 nec
480 3543 680 3597 desunt
731 3542 949 3615 glossae
993 3544 1362 3616 germanicae,
1421 3545 1588 3601 veluti
1643 3546 1753 3601 Cat.
1799 3551 1863 3606 27
1905 3548 2244 3619 composite.-
2288 3550 2458 3603 reda—

334 3646 506 3712 licha,
550 3644 663 3717 lug.
712 3652 775 3702 12
810 3647 1070 3717 tugurio.-
1113 3646 1364 3713 kittcha,
1412 3654 1479 3706 18
1518 3649 1847 3720 mappalia:
1890 3647 2072 3710 sclicla,
2117 3622 2185 3708 8²0
2231 3650 2458 3706 histrio-

333 3763 497 3803 nem:
546 3745 803 3801 skirnen.
885 3746 1211 3803 Admirabile
1258 3755 1358 3811 est,
1406 3750 1554 3822 quod
1598 3750 1712 3823 lug.
1759 3756 1828 3807 22
1874 3768 1992 3825 sup.
2037 3753 2284 3806 clemens
2326 3752 2457 3807 scri·

332 3857 489 3923 ptum
530 3854 615 3903 est
650 3846 869 3919 xmbrf.
2389 3825 2396 3831 ¹

333 3946 400 4012 F,
446 3948 825 4011 FabricianuS‚
876 3966 1020 4005 nunc
1075 3950 1391 4007 Ilavniensis
1434 3951 1685 4008 biblioth.
1749 3953 1931 4026 regiae
1977 3961 2066 4016 25,
2121 3970 2280 4027 quem
2335 3953 2456 4008 dili-

236 4114 284 4179 l)
308 4115 513 4164 Libros
534 4112 1001 4178 Guelferbytanos
1021 4115 1141 4180 ipse
1156 4130 1283 4165 con·
1405 4115 1456 4180 3)
1471 4116 1704 4166 Codices
1717 4116 2084 4171 Monacenses
2095 4118 2212 4182 ipse
2225 4116 2451 4167 contuli.

164 4200 286 4250 tuli.

1404 4200 1464 4265 4)
1521 4201 1782 4251 Continet
1843 4207 2068 4267 praeter
2133 4200 2454 4252 Sallustium

230 4284 285 4349 2)
308 4286 456 4336 Usus
478 4299 597 4335 sum
625 4284 941 4335 conlatione
958 4283 1284 4335 Gerlachia-
1334 4286 1605 4335 Martiani
1639 4286 1737 4336 lib.
1777 4288 1805 4337 I
1842 4292 1898 4337 et
1931 4288 2008 4351 II,
2049 4301 2182 4351 quos
2219 4286 2456 4339 contulit

169 4385 263 4419 na·

1227 4435 1240 4447 ·
1335 4372 1604 4437 Koppius.
