3042 4917
965 307 1577 357 connexum-mmm
1614 307 1755 354 cmv.
1791 306 1847 354 v.
2413 292 2529 360 109

233 470 425 545 inopia
472 467 719 526 solvendi
770 485 829 526 se
873 469 1078 527 moveri
1121 481 1326 542 negare
1378 465 1617 529 videtur,
1676 483 1838 542 quam
1894 467 1943 524 si
1996 468 2136 538 quin
2178 497 2263 508 —-
2298 485 2529 541 possem

231 572 531 628 scribatur.
599 571 695 627 Set
726 588 862 645 quae
893 578 1205 644 sequuntur
1243 587 1372 626 cum
1416 576 1473 638 et
1515 571 1719 625 alienis
1753 571 2073 626 nominibus
2101 586 2213 626 non
2252 569 2431 626 solum
2458 587 2526 628 eo

229 674 460 730 nomine
505 681 759 746 suspecta
803 679 958 735 sunt,
1018 672 1166 746 quod
1211 670 1502 727 Sallustius
1559 677 1615 726 et
1664 687 1957 745 numquam
2013 689 2115 746 pro
2160 675 2329 726 etiam
2372 672 2525 735 dixit,

227 775 344 830 nisi
385 774 532 830 forte
576 775 644 829 fr.
688 775 855 835 11131
918 774 1052 830 satis
1105 779 1316 830 certum
1375 773 1749 829 testimonium
1804 790 1924 830 esse
1976 779 2166 848 putas,
2224 781 2310 828 set
2364 773 2525 830 etiam

229 877 388 949 quod
431 875 487 931 in
531 875 688 932 libris
733 875 1132 932 vetustissumis
1177 882 1234 930 et
1287 874 1529 949 optumis
1584 873 1667 930 vel
1710 891 1839 931 cum
1886 873 2146 931 omissu'm
2184 873 2271 930 vel
2312 882 2398 931 set
2440 875 2525 932 vel

227 985 323 1034 set
364 985 422 1034 et
465 977 732 1052 scriptum
775 985 875 1034 est.
964 976 1118 1044 Quod
1163 975 1285 1050 quis
1327 993 1442 1032 non
1484 976 1631 1032 videt
1672 993 1737 1031 ex
1780 977 1995 1032 scilicet
2034 993 2137 1050 per
2162 977 2525 1051 conpendium

230 1080 450 1154 scripto
495 1087 684 1136 natum
727 1081 884 1136 esse?
971 1078 1248 1134 Librarios
1293 1094 1414 1134 cum
1457 1084 1513 1133 et
1552 1076 1635 1133 vel
1666 1084 1753 1134 set
1781 1077 2061 1150 legissent,
2098 1095 2229 1134 cum
2261 1079 2524 1136 delevisse

231 1181 372 1254 quid
423 1182 656 1237 mirum?
743 1181 1029 1238 Postremo
1073 1195 1254 1236 nonne
1298 1179 1566 1236 acerbitas
1611 1178 1897 1252 quaedam,
1948 1197 2055 1252 qua
2114 1179 2341 1241 Catilina
2390 1181 2525 1238 illud

231 1283 601 1357 obprobrium
643 1282 850 1346 reiciat,
889 1281 1186 1356 aptissume
1231 1281 1328 1338 illo
1370 1280 1625 1338 adiuncto
1665 1279 2002 1354 exprimitur.
2436 1272 2449 1280 “

414 1436 526 1492 Cat.
580 1443 666 1498 36,
706 1444 738 1495 5
784 1435 837 1491 in
883 1434 1060 1490 verbis
1103 1441 1266 1490 tanta
1301 1437 1384 1490 vis
1427 1435 1612 1490 morbi
1652 1435 1738 1489 uti
1772 1435 1931 1490 tabes
1962 1435 2276 1505 plerosque
2318 1437 2523 1492 civium

231 1539 464 1603 animos
503 1541 800 1593 invaserat
841 1552 999 1593 nemo
1045 1535 1364 1592 obfenderet
1407 1533 1527 1608 (cfr.
1572 1536 1687 1610 lug.
1728 1541 1812 1598 32,
1855 1543 1890 1594 4
1932 1540 2093 1590 tanta
2132 1537 2215 1592 vis
2246 1541 2526 1595 avaritiae

232 1643 463 1696 animos
503 1655 702 1696 eorum
745 1641 918 1695 veluti
955 1639 1114 1694 tabes
1155 1641 1469 1694 invaserat.
1560 1637 1645 1693 Fr.
1696 1637 1719 1693 I
1757 1643 1841 1700 47,
1879 1643 1911 1698 9
1961 1653 2073 1693 neu
2110 1641 2422 1708 patiamini
2460 1643 2525 1698 li·

231 1746 488 1798 centiam
529 1744 809 1798 scelerum
850 1741 1021 1812 quasi
1055 1741 1239 1796 tabem
1279 1741 1357 1796 ad
1391 1743 1642 1812 inteyros
1680 1745 1947 1796 contactu
1990 1756 2271 1796 crescere.
2346 1741 2413 1796 IV
2458 1749 2527 1803 26

233 1847 344 1916 qui
377 1847 605 1916 quidem
649 1859 769 1898 mos
803 1849 864 1898 ut
908 1843 1066 1898 tabes
1106 1845 1166 1897 in
1205 1843 1402 1908 urbem
1437 1841 1681 1913 coierit),
1726 1840 1831 1896 nisi
1871 1841 1927 1896 in
1958 1840 2145 1897 multis
2174 1843 2331 1898 honis
2370 1843 2525 1899 libris

235 1945 524 2018 legeretur
569 1952 741 2016 alque
785 1947 873 2001 uti
913 1947 1089 2012 tabes,
1137 1943 1283 2017 quod
1327 1960 1455 2000 casu
1506 1942 1739 2016 quodam
1784 1950 1877 1998 aut
1916 1960 2017 2016 per
2054 1942 2401 2000 librariorum
2442 1944 2525 2000 lu—

234 2047 478 2102 bidinem
534 2045 758 2102 inlatum
813 2061 933 2102 esse
988 2063 1218 2122 prorsus
1273 2045 1387 2101 veri
1433 2042 1695 2100 dissimile
1746 2050 1847 2098 est.
1932 2043 2220 2100 Commode
2276 2062 2337 2102 ac
2389 2047 2524 2103 scite

235 2147 414 2221 igitur
454 2147 717 2222 Hauptius
751 2165 820 2205 ac
861 2150 1037 2204 veluti
1075 2148 1232 2204 tabes
1271 2146 1519 2209 coniecit,
1568 2153 1653 2202 set
1693 2145 1806 2200 ver-i
1850 2143 2082 2200 similior
2120 2146 2252 2202 mihi
2296 2147 2407 2204 visa
2439 2157 2523 2204 est

233 2251 554 2306 coniectura
597 2249 712 2305 eius
755 2250 856 2305 viri
895 2249 1058 2312 docti,
1108 2249 1200 2323 qui
1243 2264 1528 2304 censuram
1573 2247 1910 2303 novissumae
1948 2247 2203 2303 editionis
2244 2247 2435 2303 Kritzii
2468 2250 2524 2305 in

235 2352 389 2407 Actis
430 2350 716 2407 litterariis
761 2348 828 2406 ab
865 2351 1125 2407 Zarnckio
1169 2348 1329 2408 editis
1374 2349 1611 2424 scripsit,
1654 2349 1884 2405 Conradi
1919 2350 2163 2406 Bursiani
2208 2358 2270 2406 ut
2310 2350 2522 2444 opinff,

235 2459 369 2509 erat
413 2469 562 2524 quae
607 2455 694 2508 uti
727 2454 900 2516 tabes,
959 2452 1284 2527 praesertim
1329 2469 1452 2509 cum
1496 2447 1816 2508 obscuratae
1862 2452 1916 2507 in
1961 2453 2257 2528 archetypo
2305 2452 2522 2510 litterae

236 2572 301 2610 ac
336 2571 498 2610 voces
545 2553 731 2611 multis
774 2555 910 2612 locis
949 2553 1394 2629 conruptelarum
1440 2553 1681 2626 origines
1726 2553 1945 2610 suerint.

409 2706 523 2762 Cat.
575 2715 672 2771 38,
715 2715 752 2768 3
805 2724 1127 2782 quamquam
1175 2723 1293 2779 per
1333 2709 1436 2764 illa
1471 2714 1733 2778 tempora
1789 2715 1846 2764 et
1896 2708 1953 2763 in
2000 2707 2237 2764 editione
2292 2726 2412 2765 mea
2468 2718 2523 2766 et

235 2808 365 2864 Nov.
419 2809 558 2864 Ann.
590 2809 753 2888 ,XLVI
793 2827 848 2884 p.
895 2815 1000 2870 386
1041 2828 1122 2883 sq.
1168 2809 1400 2871 delendi,
1442 2816 1623 2864 tamen
1663 2827 1808 2866 nunc
1846 2816 1996 2865 tanto
2044 2816 2393 2883 optumorum
2432 2829 2525 2868 co-

235 2911 419 2966 dicum
464 2910 759 2968 consensui
803 2910 1101 2966 cedendum
1143 2929 1205 2968 ac
1255 2916 1391 2982 post
1440 2912 1542 2967 illa
1582 2917 1843 2982 tempora
1896 2911 2240 2967 retinendum
2303 2930 2520 2969 censeo.

235 3012 354 3067 Illa
393 3019 653 3084 tempora
697 3012 884 3070 eadem
924 3013 1163 3086 putanda
1207 3020 1351 3076 sunt,
1397 3030 1534 3086 quae
1576 3012 1741 3088 paulo
1782 3020 1909 3068 ante
1952 3018 2037 3074 37,
2085 3021 2144 3071 11
2175 3013 2352 3069 verbis
2383 3017 2523 3070 mul-

231 3121 323 3168 tos
352 3120 492 3185 post
533 3129 718 3171 annos
762 3112 888 3169 Sall.
925 3113 1262 3187 significavit.
1351 3115 1444 3171 Set
1489 3123 1668 3171 tamen
1705 3114 1834 3170 vitio
1876 3112 2132 3169 Sallustio
2178 3115 2522 3172 tribuendum
2628 3155 2647 3172 .

237 3222 350 3277 est,
401 3215 548 3288 quod
589 3215 653 3271 de
699 3216 898 3290 quibus
946 3217 1281 3291 temporibus
1336 3217 1479 3273 dicat
1539 3216 1784 3289 legentes
1826 3215 2091 3289 suspicari
2129 3216 2317 3289 potius
2360 3235 2521 3291 quam

236 3317 454 3372 edoceri
497 3316 768 3373 maluerit.
858 3317 1012 3386 Quod
1055 3337 1176 3374 cum
1212 3319 1279 3374 ab
1325 3319 1443 3375 eius
1481 3318 1665 3375 studio
1702 3317 2109 3392 perspicuitatis
2154 3317 2387 3374 alienum
2433 3337 2522 3376 ex-

235 3417 520 3480 istumem,
598 3419 948 3497 scribundum
1015 3421 1225 3476 conicio
1281 3427 1416 3492 post
1472 3419 1668 3476 Sullae
1723 3427 2001 3492 tempora.
2101 3419 2254 3488 Quod
2321 3438 2529 3478 nomen.

232 3537 355 3576 cum
399 3522 564 3576 sillae
599 3521 949 3584 scriberetur,
996 3520 1309 3579 obscuratio
1343 3521 1655 3593 litterarum
1692 3521 1849 3579 facile
1880 3540 2125 3579 errorem
2156 3525 2257 3581 illa
2294 3525 2523 3598 gignere

233 3621 457 3695 potuit.2

403 3723 464 3778 In
508 3713 614 3785 eis,
671 3741 810 3796 quae
855 3725 922 3798 ,in
965 3733 1233 3783 conventu
1275 3724 1688 3800 philologorum
1733 3725 2093 3800 Stuttgartiae
2148 3727 2215 3784 de
2260 3727 2519 3785 Sallustio

233 3824 473 3882 disserui
517 3823 640 3896 (vid.
683 3825 800 3881 Act.
845 3843 898 3900 p.
943 3825 1014 3900 6),
1051 3826 1159 3882 dixi
1197 3827 1334 3882 mihi
1371 3826 1482 3886 Cat.
1520 3835 1605 3891 39,
1646 3835 1681 3887 4
1722 3825 2069 3890 scribundum
2116 3829 2282 3886 videri
2310 3831 2423 3886 illis
2451 3835 2520 3886 si.

233 3926 396 4000 Cuius
434 3925 742 3984 sententiae
781 3935 1100 4001 argumenta
1142 3929 1196 3984 in
1239 3928 1376 3984 diss:
1416 3946 1526 4002 quo
1571 3938 1819 4004 tempore
1855 3948 2074 4005 quoque
2130 3931 2360 3988 consilio
2407 3931 2521 3987 Sal-

233 4027 431 4083 lustius
463 4025 746 4092 Catilinam
776 4029 1062 4104 scripsisse
1097 4030 1340 4108 videatur
1367 4027 1601 4103 (Grimae
1638 4031 1791 4104 1846)
1822 4032 1907 4098 his
1935 4033 2115 4092 verbis
2146 4050 2519 4108 exposueram,

235 4145 371 4203 quae
444 4129 703 4202 quoniam
757 4131 802 4186 is
856 4130 1076 4188 libellus
1131 4149 1432 4207 paucorum
1477 4133 1533 4188 in
1586 4150 1776 4188 manus
1827 4132 1997 4195 venit,
2058 4134 2110 4188 h.
2156 4134 2191 4188 1.
2242 4123 2519 4208 repetam:

227 4230 445 4294 „Verba
485 4237 550 4286 ut
594 4231 650 4288 in
689 4231 846 4287 libris
889 4234 1095 4307 scripta
1137 4242 1282 4296 sunt,
1317 4252 1458 4290 sane
1503 4235 1663 4292 aliter
1705 4235 1874 4309 accipi
1918 4251 2029 4290 non
2064 4243 2313 4310 possunt,
2359 4253 2520 4309 quam

233 4338 297 4388 ut
340 4331 614 4388 sententia
658 4334 914 4390 conmuni
957 4343 1186 4408 quantas
1231 4336 1288 4392 in
1333 4336 1520 4393 turbas
1563 4337 2060 4414 permixtionesque
2104 4353 2287 4394 rerum
2330 4338 2519 4398 civitas
2560 4380 2566 4388 -
