3042 4917
1766 119 1783 145 N
1860 122 1889 150 ἱ

929 302 1538 350 OONMEN'I'ATIONUM
1576 303 1718 349 cAP.
1756 303 1839 349 1v.
2438 283 2517 348 65

215 464 402 520 facere
451 462 636 526 1113113,
683 478 752 518 30
799 461 1098 535 glossatori
1142 461 1441 536 explicandi
1487 462 1753 525 studium,
1816 461 1947 535 quid
1999 460 2063 516 ad
2116 463 2385 532 perducit
2436 463 2519 518 in-

215 564 597 638 tellegendum
643 572 808 628 esset,
858 564 1114 622 tribuere.
1198 553 1352 631 Quod
1397 572 1579 620 autem
1609 563 1873 624 Linkerus
1924 565 2141 620 venire·
2162 565 2332 631 iubet,
2378 583 2517 641 quae

213 667 384 722 verba
429 684 498 722 110
545 665 762 722 Cortius
807 665 1023 739 quidem
1071 667 1127 722 in
1173 647 1541 740 suspicionem
1584 682 1776 722 vocare
1818 683 1981 722 ausus
2026 673 2126 730 est,
2168 667 2381 724 uncinis
2426 669 2518 724 ad-

213 768 422 844 positis
467 767 704 836 notavit,
762 767 1026 830 admiror,
1086 768 1289 842 quippe
1339 779 1467 825 ’01110
1524 785 1653 824 cum
1704 769 2033 824 custodibus
2083 771 2357 839 perducit
2408 769 2515 826 dici

213 886 330 926 non
378 887 546 944 posse
591 868 864 932 videatur,
923 869 1059 924 nihil
1108 878 1288 926 autem
1341 871 1514 944 magis
1559 871 1852 926 cavendum
1895 870 1983 933 sit,
2040 888 2198 944 quam
2243 889 2310 944 ne
2350 871 2515 928 licen-

216 971 352 1026 tiam
397 969 765 1045 scriptoribus
811 970 1160 1044 adtingamus.

393 1072 508 1128 Cat.
555 1078 642 1140 48,
690 1080 718 1132 1
765 1072 926 1128 verba
969 1075 1364 1130 coniuratione
1398 1073 1705 1146 patefacta
1751 1072 1817 1129 ab
1861 1073 2099 1130 Linkero
2156 1095 2259 1151 pro
2304 1077 2515 1152 glosse—

214 1181 364 1230 mate
405 1173 594 1230 habita
638 1181 784 1236 sunt,
831 1175 994 1230 credo
1036 1175 1241 1232 nullam
1276 1175 1437 1232 aliam
1485 1175 1556 1230 ob
1600 1193 1865 1238 caussam,
1914 1194 2074 1250 quam
2122 1180 2266 1252 quod
2312 1182 2391 1238 eis
2434 1183 2515 1240 in-

217 1275 512 1350 terpositis
545 1275 829 1331 relativum
870 1276 938 1333 ab
969 1294 1036 1332 eo
1071 1278 1138 1332 ad
1177 1278 1322 1351 quod
1351 1277 1596 1352 pertinet
1632 1286 1935 1351 separatur.
2000 1277 2131 1334 Nam
2161 1289 2310 1338 certe
2342 1302 2515 1358 paene

215 1377 593 1433 necessarium
635 1378 850 1433 videtur
893 1386 954 1434 ut
997 1379 1276 1442 adiciatur,
1322 1397 1428 1454 qua
1471 1397 1533 1434 re
1576 1378 1669 1435 illa
1704 1380 1902 1436 mentis
1946 1381 2235 1440 inmutatio
2279 1385 2515 1443 incesse·
2614 1447 2625 1460 ,

216 1479 310 1542 111,
357 1497 484 1534 0010
529 1479 750 1542 bellum,
798 1480 885 1536 cui
931 1481 1092 1536 initio
1135 1481 1324 1555 plebes
1364 1481 1562 1543 favisse
1598 1481 1813 1545 dicitur,
1874 1483 2113 1539 nondum
2166 1485 2379 1544 finitum
2422 1490 2512 1545 sit.

217 1579 490 1647 Quamdiu
535 1581 734 1638 bellum
789 1582 943 1638 civile
996 1584 1084 1658 agi
1125 1580 1406 1646 credebat,
1445 1583 1635 1657 plebes
1682 1583 1941 1642 Catilinae
1982 1586 2221 1652 favebat,
2264 1592 2516 1650 coniura-

219 1683 390 1738 tionis
433 1681 664 1738 consilia
705 1683 1041 1740 clandestina
1089 1684 1492 1747 reformidabat,
1542 1703 1678 1759 quae
1722 1686 1829 1742 nisi
1872 1688 2145 1760 patefacta
2180 1701 2367 1748 essent
2402 1713 2514 1752 non

217 1791 372 1840 tanta
419 1783 606 1840 subito
650 1787 882 1842 mutatio
928 1787 1127 1842 mentis
1173 1788 1314 1866 sacta
1359 1794 1521 1842 esset.
1604 1788 1736 1842 Tum
1786 1796 1847 1843 ut
1900 1791 2259 1849 concedamus
2301 1796 2515 1855 relativi

215 1885 548 1941 relationem
591 1887 645 1942 h.
689 1887 725 1942 l.
769 1887 976 1962 aliquid
1019 1889 1208 1945 durius
1251 1888 1468 1951 habere,
1520 1907 1681 1963 quam
1724 1890 1850 1946 infr.
1890 1891 1943 1962 S.
1975 1899 2026 1951 4.
2070 1893 2185 1968 lug.
2226 1903 2274 1959 6,
2306 1905 2341 1958 3
2378 1897 2513 1971 (noli

213 1989 326 2044 huc
371 2005 497 2044 cum
540 1988 752 2045 Kritzio
797 1990 1004 2046 referre
1049 1991 1163 2064 lug.
1212 1997 1290 2054 14,
1334 1998 1418 2052 23.
1459 1998 1543 2054 24,
1591 1990 1657 2064 8)
1694 1999 1857 2066 atque
1902 1995 2036 2050 adeo
2084 2013 2243 2068 quam
2284 1999 2403 2055 Tac.
2445 2001 2513 2058 ab

215 2109 331 2146 exc.
378 2089 436 2144 1).
479 2091 616 2163 Aug.
654 2091 676 2146 1
719 2097 802 2152 74.
868 2091 1003 2147 Vell.
1036 2092 1080 2147 11
1116 2100 1200 2156 47,
1242 2099 1291 2155 4,
1339 2093 1595 2168 quoniam
1641 2094 1714 2149 ibi
1756 2095 1823 2150 ab
1857 2095 2085 2152 relativo
2114 2099 2312 2156 no'vum
2348 2116 2513 2158 10010-

215 2193 378 2248 hrum
423 2192 634 2266 incipit,
680 2200 860 2248 tamen
906 2194 961 2250 in
1005 2211 1067 2250 ea
1103 2212 1161 2250 re
1183 2213 1303 2251 non
1349 2195 1769 2260 obtendundum,
1806 2198 2039 2270 primum
2069 2199 2195 2272 quia
2228 2219 2387 2258 nemo
2419 2205 2512 2278 qui

214 2294 386 2368 paulo
433 2294 712 2350 adtentior
765 2303 942 2358 esset,
1001 2311 1149 2368 quae
1191 2298 1256 2353 ad
1309 2299 1761 2354 coniurationem
1808 2299 2083 2356 relaturus
2131 2301 2261 2366 suit,
2318 2304 2512 2362 deinde

215 2397 525 2453 membrum
575 2395 856 2462 relativum
897 2397 1071 2454 artius
1117 2416 1238 2454 cum
1282 2406 1501 2455 mutata
1548 2406 1732 2455 mente
1774 2401 2213 2476 coniungendum
2256 2423 2376 2463 esse
2422 2408 2513 2465 ad-

213 2507 391 2573 paret,
441 2500 518 2554 ita
564 2506 626 2556 ut
672 2515 821 2570 quae
853 2531 936 2540 —-
968 2495 1150 2556 mente
1197 2502 1252 2557 111
1285 2501 1603 2575 parenthesi
1646 2502 1851 2558 adiecta
1895 2522 2015 2560 esse
2051 2513 2199 2562 recte
2244 2507 2509 2567 dicantur.

215 2600 478 2657 Eiusdem
524 2620 638 2675 cap.
687 2602 742 2673 S.
779 2609 814 2661 4
857 2610 992 2658 extr.
1039 2619 1218 2676 neque
1263 2603 1567 2677 scripturae
1614 2605 1860 2668 varietaS,
1908 2624 2085 2680 neque
2116 2608 2340 2666 Sallusti
2380 2630 2512 2670 000-

214 2687 456 2758 3110111ἁο
501 2703 634 2759 101111
678 2705 816 2760 13011
853 2705 964 2760 visa
1007 2712 1150 2767 sunt,
1189 2711 1250 2760 ut
1293 2721 1323 2760 e
1366 2705 1671 2768 eiciundum
1713 2725 2008 2787 censerem.

393 2804 599 2860 Contra
642 2805 974 2880 glossemate
1013 2787 1354 2879 inquinatum
1400 2823 1520 2884 esse
1579 2809 1803 2882 adparet
1843 2810 2024 2868 locum
2069 2811 2179 2869 Cat.
2224 2821 2320 2878 49,
2367 2825 2391 2875 1
2444 2816 2508 2886 Q.

214 2908 462 2964 Catulus
501 2914 559 2962 et
609 2908 672 2963 G.
717 2908 852 2964 Piso
897 2923 1090 2980 neque*
1116 2911 1389 2980 precibus
1431 2926 1615 2982 neque
1654 2915 1849 2983 qratia
1895 2929 2077 2985 neque
2111 2920 2315 2988 precio
2362 2919 2514 2976 Cice-

212 3025 417 3066 ronem
473 3011 750 3082 inpellere
796 3017 1061 3082 potuere.
1161 3010 1292 3067 Nam
1347 3019 1409 3067 ut
1459 3013 1841 3070 auctoritatem
1892 3015 2154 3072 Prisciani
2204 3019 2250 3074 X
2306 3037 2359 3093 p.
2408 3029 2513 3082 539

212 3112 400 3175 Hertz,
463 3112 556 3185 qui
603 3113 745 3168 hunc
791 3111 969 3168 locum
1015 3113 1086 3168 ob
1129 3113 1361 3188 perfecti
1409 3117 1566 3188 quivi
1604 3133 1762 3172 usum
1813 3117 2008 3172 adtulit
2049 3149 2123 3158 —
2172 3099 2276 3193 qua
2311 3137 2370 3176 re
2418 3139 2512 3178 110-

213 3214 462 3272 00333110
501 3223 694 3271 000113
725 3233 914 3271 01111103
950 3215 1124 3272 libros
1157 3215 1828 3288 quivere-restituendum
1864 3249 1938 3258 -
1985 3220 2039 3274 in
2071 3219 2289 3276 relicuis
2332 3223 2509 3280 verbis

214 3318 395 3374 minus
441 3317 622 3372 valere
667 3318 982 3380 contendas,
1023 3326 1200 3374 tamen
1243 3319 1387 3393 quod
1441 3319 1497 3374 in
1540 3318 1697 3376 libris
1733 3320 1947 3384 multis,
1995 3323 2303 3380 recentiore
2348 3303 2509 3399 primi

191 3419 438 3492 ‘generis
484 3418 685 3474 familia
723 3420 1070 3494 optumisque
1111 3421 1348 3485 secundi,
1389 3421 1680 3479 verborum
1714 3423 1848 3479 ordo
1880 3423 2175 3480 inmutatus
2211 3433 2311 3490 est,
2344 3444 2511 3484 unum

215 3539 282 3576 ex
324 3519 506 3576 tribus
562 3520 669 3576 illis
717 3521 1069 3579 substantivis
1127 3541 1191 3578 ex
1246 3523 1430 3596 glossa
1490 3524 1785 3598 inrepsisse
1838 3525 2138 3582 confirmat.
2226 3527 2333 3584 Nec
2377 3547 2512 3604 quo-

214 3639 453 3695 cumque
496 3622 658 3679 modo
715 3631 765 3678 te
811 3625 1074 3688 torseris,
1127 3628 1355 3696 qratiae
1411 3624 1672 3682 vocabulo
1720 3642 1933 3696 preces
1976 3629 2248 3686 contineri
2309 3647 2511 3704 negare

213 3725 463 3800 poteris3
519 3741 619 3780 nec
669 3743 793 3781 cum
851 3725 956 3781 alio
1015 3725 1354 3782 substantivo
1407 3715 1757 3784 coniunctum
1804 3728 1939 3786 illud
1995 3740 2106 3796 est,
2166 3749 2325 3805 quam
2387 3751 2510 3790 cum

206 3828 405 3898 prelio
449 3825 533 3881 vel
569 3829 824 3898 pecunia
871 3826 1000 3900 (Cat.
1048 3835 1133 3892 52,
1179 3835 1262 3889 23.
1308 3829 1421 3902 lug.
1470 3837 1553 3893 16,
1602 3838 1646 3890 1.
1694 3837 1779 3894 27,
1825 3839 1875 3890 2.
1921 3840 2005 3896 29,
2044 3842 2093 3895 3.
2132 3841 2216 3896 35,
2260 3833 2331 3908 8).
2396 3835 2510 3891 Ne-

217 3943 328 4000 que
371 3929 652 3999 precibus
708 3929 880 4002 igitur
935 3930 1066 4004 quin
1115 3929 1497 4004 expellundum
1542 3933 1614 3988 sit
1658 3951 1770 3989 non
1814 3934 2036 3992 dubium
2092 3943 2194 3992 est.
2284 3935 2377 3992 Set
2418 3937 2511 3994 diu

217 4029 562 4103 multumque
607 4030 869 4086 haesitavi
911 4038 1096 4086 utrum
1139 4047 1324 4104 neque
1367 4035 1561 4104 qratia
1600 4051 1783 4106 neque
1819 4039 2049 4110 precio,
2096 4036 2240 4111 quod
2288 4036 2511 4094 Sallusti

217 4131 434 4188 codices
491 4133 883 4194 conmendant,
949 4151 1017 4188 an
1073 4151 1194 4190 cum
1240 4123 1531 4192 'Prisciano
1594 4151 1779 4206 neque
1826 4140 2029 4207 precio
2083 4153 2267 4209 neque
2314 4143 2511 4211 qratia

219 4231 572 4290 scribundum
621 4242 783 4290 esset.
885 4236 1062 4309 Atque
1133 4234 1268 4291 illud
1335 4236 1551 4310 quidem
1609 4236 1835 4294 suadere
1888 4239 2172 4297 videbatur
2231 4243 2379 4314 quod
2434 4245 2513 4301 sic

219 4334 468 4392 homines
506 4333 589 4389 illi
629 4353 657 4390 a
691 4335 882 4408 gratia,
912 4336 945 4391 i.
983 4355 1028 4393 e.
1057 4337 1310 4411 precibus
1343 4356 1403 4395 ac
1437 4339 1941 4414 pollicitationibus
1988 4343 2052 4398 ad
2079 4342 2339 4417 precium,
2387 4361 2511 4417 gra·

365 4448 642 4501 Sumusr.
670 4466 760 4502 111).
795 4451 1069 4502 Dmrscu.
2056 4442 2093 4502 5
