3042 4917
524 248 600 308 14
1234 262 1845 307 conunnmmomm
1888 263 2030 307 cAP.
2075 265 2117 305 1.

518 419 917 495 neglegendum
960 426 1045 475 est
1069 400 1211 493 ‘quo
1258 420 1522 475 vetustior
1564 419 1762 495 aliquis
1807 418 1948 477 liber
1994 420 2084 482 sit,
2127 436 2194 476 eo
2237 436 2412 493 magis
2453 438 2574 476 cum
2619 422 2794 495 primo

519 540 721 599 genere
774 522 1102 585 consentire.
1182 522 1276 577 Set
1331 521 1464 577 illud
1526 522 1819 595 Iugurthae
1889 530 2161 577 extremae
2222 522 2396 595 partis
2457 522 2797 597 subplemen-

520 634 635 682 tum
674 624 847 681 multo
873 598 1142 679 ¹vitiosius
1195 632 1305 686 est,
1363 641 1522 697 quam
1575 624 1762 679 omnes
1820 625 2056 681 relicuae
2111 631 2314 697 partes.
2403 624 2536 691 Quid
2593 626 2796 698 igitur?

515 730 653 784 Num
696 727 810 782 veri
852 725 1028 782 simile
1075 734 1185 788 est,
1244 733 1337 781 aut
1382 743 1504 782 eum
1547 725 1773 789 librum,
1823 727 1966 781 unde
2013 725 2104 781 illa
2155 743 2282 799 pars
2337 734 2574 801 sumpta,
2631 728 2684 781 in
2735 745 2798 782 ea

518 830 634 886 sola
675 830 930 885 vitiosum
963 827 1158 889 fuisse,
1220 836 1313 883 aut
1370 826 1602 883 relicuas
1657 836 1844 903 partes
1903 846 1967 885 ex
2021 827 2248 885 meliore
2291 829 2476 885 codice
2520 836 2796 885 correctas

516 932 599 989 vel
638 930 1062 988 contaminatas?
1138 930 1326 985 Utrum
1366 937 1600 994 statuaS,
1667 930 1801 986 illud
1837 929 2236 987 concedendum
2294 938 2378 986 est
2437 932 2800 993 recentiorum

517 1035 763 1091 codicum
804 1032 1113 1088 testimonia
1151 1031 1411 1088 advorsus
1456 1034 1786 1089 vetustiores
1831 1032 1966 1087 nihil
2011 1032 2206 1089 valere.

690 1136 784 1191 Set
828 1134 956 1208 quid
1002 1134 1047 1189 si
1085 1134 1169 1189 via
1202 1141 1412 1208 pateat,
1460 1149 1568 1210 qua
1606 1144 1662 1191 et
1705 1135 1855 1196 illud,
1903 1134 2059 1213 quod.
2085 1134 2285 1189 nemini
2329 1151 2440 1189 non
2487 1134 2682 1189 mirum
2721 1134 2799 1188 vi-

516 1239 739 1299 deatur,
810 1236 1092 1292 commode
1143 1235 1399 1309 explicari
1454 1245 1511 1292 et
1570 1253 1678 1311 quo
1725 1236 1888 1292 modo
1941 1234 2166 1291 lacunae
2216 1236 2342 1291 illae
2393 1235 2654 1310 expletae·
2691 1236 2798 1291 sint

516 1338 983 1405 coniecturaveri
1024 1337 1185 1393 simili
1226 1337 1500 1411 explanari
1546 1340 1756 1412 possa?
1839 1338 1906 1394 Ut
1949 1338 2015 1393 de
2061 1338 2175 1411 lug.
2219 1344 2319 1400 44,
2357 1348 2388 1397 5
2441 1338 2674 1411 primum
2720 1337 2798 1391 di-

516 1460 650 1505 cam,
694 1457 875 1497 nonne
913 1440 1005 1513 qui
1049 1418 1283 1512 aliquam
1326 1439 1481 1495 latini
1527 1440 1794 1497 sermonis
1840 1439 2119 1496 scientiam
2166 1440 2417 1503 haberet,
2467 1440 2642 1514 primo
2693 1446 2800 1494 sta-

518 1544 613 1599 tim
662 1543 920 1616 adspectu
960 1540 1283 1613 intellegere
1316 1540 1576 1603 debebat,
1630 1549 1756 1597 ante
1802 1557 1985 1613 neque
2039 1558 2195 1596 more
2246 1544 2482 1597 militari
2522 1549 2623 1597 cet.
2669 1540 2800 1596 alte-

518 1663 637 1701 rum
680 1642 977 1699 membrum
1032 1642 1098 1697 ab
1142 1658 1323 1714 neque
1373 1643 1636 1717 incipiens
1687 1643 1988 1699 excidisse?
2084 1642 2150 1698 Et
2202 1644 2347 1699 itane
2403 1642 2621 1699 difficile
2677 1643 2798 1705 fuit,

444 1762 449 1773 ·
519 1746 677 1820 quale
722 1745 856 1800 illud
900 1743 1095 1799 fuisset
1146 1761 1210 1799 ex
1264 1744 1343 1800 eis
1398 1761 1535 1817 quae
1591 1744 1986 1819 praecedebant
2039 1745 2312 1801 divinare?
2402 1745 2538 1813 Quid
2581 1746 2797 1800 autem?

516 1865 697 1903 nonne
736 1828 908 1903 eidem
953 1844 1096 1907 libri,
1144 1846 1235 1918 qui
1265 1845 1427 1901 verba
1457 1845 1550 1935 il‘la
1580 1860 1762 1917 neque
1797 1848 2201 1904 muniebantur
2233 1864 2303 1903 ea
2332 1848 2602 1909 exhibent,
2637 1848 2797 1903 etiam

516 1950 627 2005 Cat.
664 1956 711 2011 6,
738 1956 771 2007 2
807 1948 951 2021 quod
985 1947 1051 2002 ab
1078 1947 1239 2003 docto
1272 1948 1489 2003 homine
1520 1948 1837 2005 adnotatum
1865 1949 2058 2012 fuerat,
2105 1950 2158 2005 in
2206 1958 2408 2005 textum
2446 1940 2675 2005 inlatum
2704 1948 2797 2003 ha-

516 2052 679 2108 bent?
768 2050 923 2118 Quid,
968 2050 1014 2105 si
1059 2050 1221 2105 verba
1256 2064 1440 2122 neque
1470 2035 1800 2105 muniebant
1840 2050 1896 2105 in
1939 2052 2329 2108 vetustioribus
2372 2052 2526 2107 libris
2565 2052 2630 2107 ad
2659 2068 2800 2105 mar·

516 2154 697 2227 ginem
750 2154 951 2226 scripta
1008 2160 1165 2215 sunt,
1226 2160 1279 2207 et
1346 2151 1450 2207 alia
1505 2154 1827 2209 documenta
1893 2154 2190 2209 ostendunt
2245 2154 2498 2209 librarios
2555 2153 2797 2209 lacunam

516 2234 733 2329 explere
775 2260 1001 2311 conatos
1046 2272 1165 2310 esse
1200 2252 1387 2327 (Roth.
1434 2254 1469 2308 l.
1512 2272 1558 2310 c.
1605 2273 1658 2327 p.
1707 2262 1808 2315 133
1846 2272 1898 2309 n.
1945 2254 2036 2327 7)?
2125 2255 2314 2311 Utrum
2354 2256 2527 2328 igitur
2575 2255 2685 2311 veri
2727 2254 2799 2309 si-

516 2356 714 2418 milius,
760 2373 962 2429 paucos
1006 2356 1131 2411 illos
1180 2364 1235 2411 et
1277 2373 1373 2411 eos
1418 2357 1758 2412 novissumos
1804 2356 2000 2419 libros,
2052 2358 2144 2430 qui
2190 2358 2435 2414 lacunam
2477 2357 2591 2429 lug.
2629 2363 2722 2419 44,
2767 2366 2799 2415 5

514 2457 783 2532 expletam
833 2458 1061 2521 habent,
1117 2458 1183 2514 ad
1226 2458 1682 2532 antiquissumum
1731 2459 2028 2533 exemplar,
2075 2459 2219 2533 quod
2263 2477 2450 2517 omnes
2493 2476 2593 2533 per
2647 2465 2800 2532 quat-

518 2567 646 2615 tuor
700 2558 912 2616 saecula
966 2560 1159 2616 doctos
1213 2560 1492 2623 latuisset,
1547 2562 1796 2615 exaratos
1853 2576 1999 2623 esse,
2058 2579 2126 2617 an
2172 2560 2608 2635 subplementuin
2668 2558 2799 2615 illud

516 2662 583 2717 ab
618 2662 861 2734 margine
884 2662 1197 2719 vetustioris
1229 2660 1354 2717 libri
1393 2661 1620 2717 inlatum
1649 2660 1734 2717 vel
1763 2663 1949 2735 potius
1991 2671 2137 2720 recte
2178 2671 2460 2737 receptum
2495 2663 2650 2719 esse?

687 2764 757 2819 De
802 2765 1041 2821 secundo
1075 2772 1255 2819 autem
1291 2780 1491 2836 genere
1529 2780 1638 2837 quo
1685 2764 1886 2820 rectius
1918 2765 2230 2828 iudicemuS,
2275 2763 2409 2819 illud
2453 2764 2800 2821 consideran·

516 2866 643 2922 dum
681 2874 766 2921 est
807 2866 969 2923 etiam
1004 2866 1422 2921 vetustissumos
1472 2865 1721 2928 codices»,
1766 2866 1821 2920 in
1869 2866 2066 2940 quibus
2111 2865 2287 2939 ampla
2334 2866 2424 2921 illa
2467 2866 2657 2922 lacuna
2699 2872 2797 2926 est,

520 2986 705 3024 omnes
744 2967 799 3023 in
838 2976 1076 3024 extrema
1121 2968 1411 3041 Iugurthae
1445 2975 1602 3041 parte
1642 2967 1952 3023 vitiosiores
1996 2986 2141 3031 esse,
2199 2976 2262 3023 ut
2312 2968 2691 3024 coniciundum
2729 2965 2798 3021 sit

518 3071 798 3145 archetypi
842 3070 1034 3127 ultima
1076 3068 1208 3125 folia
1250 3069 1457 3132 mutila,
1503 3068 1721 3144 pallidis
1753 3077 1918 3143 atque
1951 3068 2198 3125 obscuris
2234 3070 2432 3125 litteris
2474 3069 2796 3151 conscripta,

518 3181 680 3246 atque
710 3174 842 3229 adeo
875 3172 1013 3229 male
1045 3172 1226 3229 habita
1260 3172 1445 3228 fuisse.
1518 3171 1655 3239 Quid
1686 3172 1888 3244 igitur?
1955 3171 2010 3226 Si
2041 3172 2157 3227 eius
2189 3170 2313 3226 libri
2344 3170 2492 3234 folia,
2527 3177 2799 3245 quotquot

518 3275 671 3330 fuere
717 3273 838 3347 (vid.
883 3291 937 3348 p.
984 3274 1062 3347 1),
1120 3282 1214 3331 aut
1268 3292 1390 3330 cum
1445 3274 1798 3336 excidissent,
1857 3280 1949 3328 aut
2001 3274 2147 3347 quod
2201 3272 2340 3329 salso
2394 3273 2519 3331 loco
2579 3272 2800 3345 ingluti-
2873 3274 2878 3279 ”

516 3462 663 3509 verat
684 3456 950 3505 numidiam
970 3458 1183 3515 metella,
1210 3452 1341 3504 6101
1366 3457 1463 3505 sed
1477 3458 1634 3519 paulo
1686 3454 1770 3516 93,
1809 3456 1846 3504 4
1877 3456 2154 3520 perscribit
2188 3460 2414 3505 tuentur
2457 3454 2608 3517 5747,
2648 3452 2797 3515 5749,

519 3547 637 3590 ante
671 3542 868 3589 metello
903 3546 1110 3589 senatus
1144 3541 1461 3598 decreverat,
1499 3537 1634 3589 6103
1686 3538 1846 3603 5761,
1886 3539 2036 3603 6086,
2077 3538 2229 3604 6089,
2269 3538 2418 3604 6090,
2458 3538 2608 3602 6092,
2647 3537 2796 3600 6093,

516 3626 615 3675 sed
643 3628 798 3689 paulo
844 3632 977 3694 ante·
997 3631 1203 3675 senatus
1237 3626 1502 3674 numidiam
1537 3640 1635 3674 me·
1685 3623 1834 3684 6094,
1871 3624 2022 3688 6098,
2062 3624 2212 3688 6099,
2252 3623 2411 3685 6100,
2457 3622 2610 3687 6101,
2647 3622 2797 3684 6104,

518 3714 637 3761 teilo
659 3712 974 3769 decreverat,
995 3708 1129 3760 6253
1145 3710 1242 3760 sed
1255 3716 1462 3759 senatus
1474 3714 1631 3773 paulo
1684 3709 1835 3773 6253,
1875 3708 2025 3773 6254,
2063 3708 2216 3772 8609,
2257 3710 2378 3760 Ars,
2406 3708 2490 3759 74.
2519 3709 2801 3773 perscribit

517 3800 713 3846 metello
750 3798 1050 3846 decreverat
1084 3796 1363 3859 numidiam,
1418 3795 1540 3844 Ars.
1568 3793 1633 3845 73
1686 3794 1835 3860 (sup.
1876 3799 1942 3845 al.
1983 3793 2272 3859 prospicit)
2319 3792 2478 3856 5758,
2529 3791 2688 3855 6091,
2728 3798 2802 3841 in-

518 3883 613 3931 sed
645 3886 853 3930 senatus
882 3884 1039 3944 paulo
1076 3886 1194 3930 ante
1220 3882 1520 3931 decreverat
1546 3898 1632 3929 nu·
1682 3880 1862 3931 scribit
1896 3877 2060 3942 5750,
2093 3882 2328 3943 pervenit
2361 3876 2521 3940 5760,
2559 3878 2804 3927 describit

518 3967 718 4014 midiam
750 3968 961 4023 metello,
997 3964 1063 4014 74
1096 3968 1194 4015 sed
1222 3970 1405 4030 paulus
1426 3972 1634 4015 senatus
1686 3962 1836 4026 5762,
1855 3967 2109 4029 perspicit
2131 3963 2283 4029 6087,
2310 3965 2489 4015 scribit
2514 3961 2655 4027 (sup.
2677 3978 2801 4027 pro-

520 4056 638 4099 ante
672 4052 937 4099 numidiam
968 4056 1277 4115 provinciam
1316 4054 1511 4101 metello
1549 4052 1635 4101 de·
1684 4049 1878 4107 scribit,
1899 4050 2193 4120 considerat
2215 4052 2270 4099 in
2293 4046 2482 4113 animo)
2507 4046 2656 4106 6097,
2681 4062 2803 4111 pro·

520 4142 770 4184 creverat.
841 4136 927 4184 Ex
974 4150 1082 4200 qua
1129 4137 1415 4200 farragine
1450 4152 1632 4185 nonne
1684 4134 1864 4185 scribit
1899 4132 2061 4197 (corr.
2083 4134 2286 4199 scribit)
2310 4132 2461 4197 6103,
2492 4134 2804 4198 perscripsit

522 4234 684 4284 quam
718 4219 1035 4269 lubidinose
1070 4236 1211 4286 quae
1238 4220 1352 4285 legi
1378 4235 1486 4270 non
1508 4236 1633 4285 pos·
1685 4220 1806 4270 Ars.
1837 4218 1928 4269 73.

520 4308 647 4354 sent
678 4304 937 4370 subpleta
963 4306 1079 4355 sint
1108 4306 1378 4369 adparet?
1406 4330 1473 4339 —
1509 4306 1630 4369 Iug.

1701 4376 1730 4389 s
