3042 4917
844 276 1447 325 connnn'rn'rxonun
1494 278 1638 323 cAP.
1688 280 1788 325 111.
2328 331 2342 337 ,
2379 264 2462 327 45

180 433 392 491 frustra
435 433 500 490 ad
538 452 799 491 summam
829 434 1131 510 potentiam
1166 435 1314 492 domi
1354 435 1529 495 adnisi
1559 444 1758 499 essent,
1797 436 1852 492 in
1887 433 2132 493 colonias
2173 453 2232 493 se
2271 436 2465 493 deduci

176 535 438 594 lubenter
478 543 815 611 paterentur,
860 546 916 593 et
959 538 1075 593 fieri
1120 539 1331 613 potuit,
1380 546 1442 596 ut
1484 537 1733 596 nonnulli
1783 536 1941 612 plebe
1985 536 2276 595 sollicitata
2311 537 2463 595 solli-

175 639 475 713 citatisque
508 638 775 702 omnibus,
825 639 917 713 qui
951 657 1134 709 rerum
1167 659 1426 698 novarum
1454 640 1592 695 avidi
1624 647 1822 702 essent,
1860 638 2136 695 efficerent
2157 648 2220 696 ut
2257 640 2362 717 ipsi
2405 640 2464 695 in

175 739 429 797 colonias
476 741 840 804 mitterentur,
886 742 979 815 qui
1029 742 1173 816 quod
1212 744 1273 817 ¹in
1318 726 1492 818 patria
1528 741 1802 815 principes
1843 758 1901 797 se
1935 740 2150 797 futuros
2181 741 2462 816 desperas·

176 850 322 904 sent,
368 842 423 898 in
464 841 763 917 longinqua
808 861 947 899 nova
984 843 1117 900 urbe
1155 844 1390 919 primum
1421 842 1604 899 locum
1647 842 1892 898 obtinere
1936 842 2172 905 mallent,
2204 859 2363 917 quem
2393 845 2460 900 ad

176 944 403 999 modum
444 945 589 1001 hunc
631 943 810 1001 locum
854 945 1069 1001 videtur
1106 945 1379 1019 accepisse
1424 945 1633 1005 Movers
1675 944 1840 999 Phon.
1887 944 1930 998 11
1973 951 2006 1003 2
2051 964 2104 1019 p.
2151 955 2182 1005 5
2227 964 2306 1019 sq.
2388 947 2461 1000 At

174 1044 228 1099 ei
274 1062 386 1101 non
426 1046 604 1120 inperi
644 1047 895 1120 cupidine
942 1046 1185 1103 colonias
1223 1047 1530 1103 condidisse
1574 1046 1677 1102 dici
1721 1053 1969 1119 possunt,
2012 1054 2162 1103 certe
2207 1054 2318 1103 tum
2361 1065 2460 1121 po-

172 1145 294 1219 puli
342 1148 434 1221 qui
480 1148 735 1203 emittunt
778 1166 887 1204 non
922 1162 1023 1205 sua
1066 1148 1241 1223 inperi
1286 1147 1537 1223 cupidine
1581 1154 1882 1209 moventur,
1941 1154 2024 1203 set
2070 1148 2458 1206 nonnullorum

176 1246 570 1305 inmoderatam
629 1250 905 1323 potentiae
970 1250 1319 1325 cupiditatem
1367 1266 1396 1305 e
1439 1249 1654 1305 civitate
1698 1248 1774 1330 ita
1836 1254 1896 1304 ut
1945 1249 2145 1305 nemini
2198 1258 2462 1306 noceatur

176 1348 375 1405 tollere
420 1350 662 1424 cupiunt.
741 1350 895 1419 Quod
924 1352 971 1408 si
1013 1370 1135 1410 cum
1178 1350 1387 1407 Kritzio
1432 1352 1625 1422 inperi
1651 1351 1963 1421 cupiditate
1997 1368 2120 1407 cum
2155 1354 2458 1408 sollicitata

173 1451 533 1524 coniungitur
560 1460 723 1527 atque
768 1455 1083 1510 sollicitatis
1119 1455 1185 1510 ad
1222 1454 1349 1508 aliis
1383 1470 1662 1509 novarum
1691 1468 1888 1507 rerum
1916 1454 2100 1507 avidis
2140 1454 2455 1528 repetimuS,

173 1560 230 1607 et
261 1554 601 1609 constructio
648 1553 943 1629 inpeditior
971 1563 1071 1619 est,
1118 1562 1173 1611 et
1214 1555 1307 1629 qui
1352 1554 1564 1609 tandem
1595 1554 1704 1609 sint
1736 1553 1816 1607 illi
1858 1552 1948 1609 alii
1979 1571 2161 1610 rerum
2197 1572 2456 1611 novarum

173 1654 317 1709 avidi
366 1653 646 1711 sollicitati
692 1656 991 1729 quaeritur.
1070 1656 1257 1713 Nonne
1301 1655 1507 1730 plebes,
1553 1673 1676 1712 cum
1721 1655 2064 1719 sollicitatur,
2111 1658 2296 1714 eadem
2341 1659 2457 1732 ipsa
2467 1708 2494 1739 ⁶

172 1773 271 1829 spe
313 1765 370 1811 et
413 1757 710 1830 cupiditate
756 1776 940 1814 rerum
982 1776 1243 1814 novarum
1286 1756 1652 1814 sollicitatur?
1741 1757 1859 1820 Set,
1915 1775 2036 1813 cum
2077 1757 2264 1832 plebes
2307 1760 2458 1816 solli·-

170 1857 341 1914 citata
380 1866 481 1920 est,
530 1859 563 1912 i.
610 1876 656 1915 e.
700 1877 823 1915 aere
860 1860 1037 1916 alieno
1082 1867 1139 1917 et
1168 1867 1411 1933 egestate
1452 1858 1729 1932 obpressa,
1777 1858 1990 1915 iniuriis
2023 1862 2355 1924 exacerbata,
2401 1864 2456 1917 in

170 1959 451 2033 principes
496 1960 664 2023 irata,
705 1979 936 2035 cumque
972 1961 1079 2024 alii,
1125 1961 1159 2015 i.
1205 1979 1251 2017 e.
1298 1961 1606 2036 principum
1645 1957 1922 2021 nonnulli,
1971 1978 2152 2016 rerum
2197 1980 2454 2019 novarum

171 2061 343 2123 avidi,
400 2060 479 2115 illi
528 2080 587 2117 se
640 2064 803 2120 duces
845 2064 1145 2138 praebituri
1201 2064 1479 2125 videntur,
1542 2070 1654 2117 tum
1699 2079 1888 2119 caussa
1934 2069 2044 2125 est,
2097 2080 2196 2119 cur
2240 2063 2454 2121 colonia

171 2162 487 2227 emittatur3
548 2172 603 2219 at
648 2182 709 2221 ea
755 2182 864 2221 non
906 2165 1080 2239 inperi
1116 2164 1439 2239 cupiditate,
1488 2170 1574 2220 set
1617 2162 1978 2219 multitudinis
2022 2164 2168 2219 domi
2212 2166 2453 2221 minuen-

169 2266 271 2320 dae
316 2264 493 2337 gratia
536 2266 821 2322 emittitur.
910 2266 1055 2339 Ergo
1097 2267 1142 2322 si
1183 2266 1343 2322 verba
1379 2281 1529 2338 pars
1568 2267 1762 2337 inperi
1787 2266 2052 2335 cupidine
2098 2273 2452 2341 transponan-

172 2374 266 2421 tur
311 2366 386 2423 ita
421 2374 483 2421 ut
521 2368 656 2423 haec
702 2360 842 2423 inter
879 2384 937 2423 se
975 2369 1405 2442 coniungantur,
1448 2370 1550 2424 alii
1589 2368 1964 2423 multitudinis
2003 2368 2157 2423 domi
2197 2371 2451 2425 minuen-

168 2472 284 2525 dae
313 2473 509 2542 qratia
538 2471 842 2525 sollicitata
876 2472 1046 2541 plebe
1087 2476 1141 2527 et
1177 2472 1307 2526 aliis
1348 2487 1628 2526 novarum
1651 2485 1848 2525 rerum
1885 2470 2083 2537 avidiS,
2118 2470 2296 2525 omnia
2324 2488 2452 2527 sana

169 2578 320 2627 sunt.
405 2569 581 2627 Facile
620 2578 799 2627 autem
835 2570 953 2627 fieri
996 2572 1262 2645 potuisse,
1300 2579 1361 2627 ut
1406 2571 1564 2627 verba
1606 2570 1698 2627 illa
1741 2572 1796 2627 in
1842 2570 2090 2627 omnihus
2126 2569 2278 2627 libris
2311 2573 2451 2631 falso

167 2674 297 2730 loco
343 2681 695 2747 ponerentur,
757 2673 803 2730 si
849 2674 903 2730 in
956 2674 1251 2749 archetypo
1289 2674 1486 2730 omissa
1521 2682 1577 2730 et
1607 2674 1674 2729 ad
1711 2673 2005 2747 marginem
2052 2674 2325 2749 adscripta
2369 2694 2452 2731 es-

167 2784 323 2838 sent,
382 2778 467 2831 vix
511 2783 594 2831 est
646 2775 791 2849 quod
855 2775 1105 2849 pluribus
1156 2793 1436 2849 exponam.
1525 2775 1774 2832 Ceterum
1826 2774 2142 2832 Sallustium
2192 2792 2343 2848 pars
2400 2777 2450 2833 ei

167 2878 321 2951 quod
348 2877 671 2952 obponatur,
698 2894 807 2933 non
831 2877 1009 2934 minus
1039 2895 1201 2952 saepe
1227 2877 1596 2951 praemittere,
1623 2893 1782 2950 quam
1808 2885 2159 2952 postponere,
2183 2895 2376 2934 nosces
2405 2880 2450 2935 si

164 2980 327 3036 locos
372 2979 483 3035 Cat.
529 2986 578 3043 2,
630 2986 674 3037 l.
737 2978 852 3052 lug.
893 2986 975 3041 13.
1016 2986 1066 3039 8.
1112 2988 1196 3041 31.
1241 2987 1324 3040 13.
1370 2988 1455 3042 51,
1507 2986 1554 3037 1.
1598 2983 1682 3041 57,
1727 2986 1776 3039 4.
1823 2985 1908 3042 66,
1953 2986 2003 3037 4.
2041 2984 2125 3041 74,
2168 2988 2215 3039 1.
2251 2987 2336 3042 85.
2386 2987 2452 3041 13

164 3081 551 3155 conparaveris
594 3098 716 3137 cum
748 3080 859 3137 Cat.
906 3089 1001 3143 38,
1048 3074 1097 3142 ’3.
1140 3088 1225 3144 48,
1272 3089 1321 3140 5.
1388 3080 1503 3166 lug.
1552 3088 1651 3142 32,
1697 3088 1746 3141 3.
1796 3086 1892 3143 38,
1938 3090 1986 3139 5.
2028 3088 2125 3141 50,
2172 3088 2221 3139 4.
2267 3087 2350 3142 69,
2398 3088 2446 3139 2.

166 3184 256 3238 Fr.
304 3181 372 3235 111
414 3187 485 3241 78
526 3180 618 3235 Kr.
682 3181 812 3237 Nam
857 3181 971 3255 lug.
1017 3190 1111 3244 58,
1159 3190 1193 3243 3
1236 3183 1446 3237 alii—
1475 3199 1687 3254 mayna
1722 3196 1892 3252 pars,
1946 3188 2057 3242 100,
2105 3187 2136 3239 5
2178 3182 2340 3236 multi
2365 3212 2452 3223 —-

152 3300 311 3357 pars
351 3282 603 3357 obposita
642 3292 786 3340 sunt.

338 3458 453 3533 lug.
497 3466 582 3523 87,
617 3469 643 3519 1
692 3476 877 3515 omnes
920 3457 1047 3514 libri
1092 3458 1346 3515 exhibent
1374 3461 1606 3531 proelia
1634 3460 1833 3528 multa,
1878 3465 2129 3514 ceterum
2161 3461 2276 3515 alia
2306 3459 2450 3513 levia

164 3562 297 3616 aliis
342 3562 481 3616 locis
512 3560 718 3633 facere
757 3554 829 3633 l),
890 3577 1027 3635 quae
1077 3577 1339 3635 pervorsa
1384 3578 1503 3617 esse
1547 3562 1720 3635 quivis
1767 3559 2054 3633 intellegit.
2144 3560 2328 3633 Neque
2373 3559 2450 3613 fa·

162 3660 266 3717 cile
304 3661 592 3734 quisquam
636 3662 692 3718 in
722 3680 839 3717 eam
869 3662 1182 3736 opinionem
1212 3662 1526 3729 adducatur,
1573 3669 1634 3718 ut
1669 3662 1899 3719 alterum
1942 3662 2240 3717 membrum
2282 3660 2449 3716 veluti

164 3764 285 3818 alia
326 3764 604 3834 graviora
648 3763 906 3819 excidisse
946 3763 1259 3820 arbitretur.
1346 3763 1558 3820 Etenim
1593 3763 1698 3819 hoc
1740 3763 1978 3837 adparet,
2015 3763 2238 3819 Marium
2284 3778 2450 3818 novo-

164 3882 287 3919 rum
334 3862 567 3920 militum
608 3865 1077 3924 exercitandorum
1119 3882 1310 3921 caussa
1363 3865 1541 3921 omnia
1574 3863 1782 3940 proelia
1810 3865 1943 3920 levia
1973 3864 2148 3920 facere
2179 3863 2447 3924 debuisse,

165 3974 252 4021 set
293 3982 485 4022 eorum
530 3965 649 4023 loca
703 3976 937 4031 mutare.
993 3984 1101 4041 quo
1158 3967 1452 4041 peritiores
1508 3966 1772 4039 cuiusque
1829 3966 2044 4038 generis
2105 3964 2182 4018 illi
2239 3963 2446 4018 flerent.

165 4067 331 4123 Recte
378 4067 550 4139 igitur
579 4067 891 4125 Ciacconius
935 4068 1215 4143 perspexit
1254 4070 1369 4124 alia
1401 4086 1524 4125 cum
1565 4074 1796 4141 propter
1838 4083 2070 4138 sequens
2115 4066 2242 4120 aliis
2286 4080 2448 4119 omis-

236 4300 285 4365 1)
326 4299 615 4379 Script'a
651 4300 771 4351 cod.
812 4298 855 4350 s¹
896 4302 999 4359 alia
1022 4304 1189 4351 omnia
1221 4304 1350 4351 levia
1385 4300 1548 4349 nihili
1583 4298 1847 4350 faciunda
1884 4304 1985 4350 est.
