<?xml version="1.0" encoding="UTF-8"?>
<!DOCTYPE html PUBLIC "-//W3C//DTD XHTML 1.0 Transitional//EN"
    "http://www.w3.org/TR/xhtml1/DTD/xhtml1-transitional.dtd">
<html xmlns="http://www.w3.org/1999/xhtml" xml:lang="en" lang="en">
 <head>
  <title>
</title>
<meta http-equiv="Content-Type" content="text/html;charset=utf-8" />
  <meta name='ocr-system' content='tesseract 3.04.00' />
  <meta name='ocr-capabilities' content='ocr_page ocr_carea ocr_par ocr_line ocrx_word'/>
</head>
<body>
  <div class='ocr_page' id='page_1' title='image "./gaisallusticris00dietgoog_0107.png"; bbox 0 0 3042 4917; ppageno 0'>
   <div class='ocr_carea' id='block_1_1' title="bbox 921 276 2526 356">
    <p class='ocr_par' dir='ltr' id='par_1_1' title="bbox 921 276 2526 356">
     <span class='ocr_line' id='line_1_1' title="bbox 921 276 2526 356; baseline 0.001 -2"><span class='ocrx_word' id='word_1_1' title='bbox 921 311 1530 356; x_wconf 66' lang='lat' dir='ltr'><strong>connis-nunonem</strong></span> <span class='ocrx_word' id='word_1_2' title='bbox 1569 276 1712 354; x_wconf 64' lang='lat' dir='ltr'><strong>esp.</strong></span> <span class='ocrx_word' id='word_1_3' title='bbox 1758 312 1844 356; x_wconf 73' lang='grc' dir='ltr'><strong>ιν.</strong></span> <span class='ocrx_word' id='word_1_4' title='bbox 2339 289 2346 306; x_wconf 98' lang='grc'><strong><em>’</em></strong></span> <span class='ocrx_word' id='word_1_5' title='bbox 2445 293 2526 356; x_wconf 86' lang='grc'><strong>93</strong></span> 
     </span>
    </p>
   </div>
   <div class='ocr_carea' id='block_1_2' title="bbox 242 465 2550 4412">
    <p class='ocr_par' dir='ltr' id='par_1_2' title="bbox 242 465 2550 4412">
     <span class='ocr_line' id='line_1_2' title="bbox 246 465 2527 526; baseline 0 -1"><span class='ocrx_word' id='word_1_6' title='bbox 246 469 569 526; x_wconf 83' lang='lat' dir='ltr'><strong>exhiberent</strong></span> <span class='ocrx_word' id='word_1_7' title='bbox 612 476 669 526; x_wconf 90' lang='lat' dir='ltr'><strong>et</strong></span> <span class='ocrx_word' id='word_1_8' title='bbox 703 468 816 525; x_wconf 86' lang='lat' dir='ltr'><strong>veri</strong></span> <span class='ocrx_word' id='word_1_9' title='bbox 859 467 1089 524; x_wconf 89' lang='lat' dir='ltr'><strong>similius</strong></span> <span class='ocrx_word' id='word_1_10' title='bbox 1132 467 1266 523; x_wconf 88' lang='lat' dir='ltr'><strong>mihi</strong></span> <span class='ocrx_word' id='word_1_11' title='bbox 1308 467 1582 524; x_wconf 86' lang='lat' dir='ltr'><strong>videretur</strong></span> <span class='ocrx_word' id='word_1_12' title='bbox 1631 465 1884 522; x_wconf 84' lang='lat' dir='ltr'><strong>librarios</strong></span> <span class='ocrx_word' id='word_1_13' title='bbox 1925 465 2058 522; x_wconf 87' lang='lat' dir='ltr'><strong>illud</strong></span> <span class='ocrx_word' id='word_1_14' title='bbox 2102 466 2206 524; x_wconf 90' lang='lat' dir='ltr'><strong>hoc</strong></span> <span class='ocrx_word' id='word_1_15' title='bbox 2247 467 2372 525; x_wconf 91' lang='lat' dir='ltr'><strong>loco</strong></span> <span class='ocrx_word' id='word_1_16' title='bbox 2415 486 2527 526; x_wconf 90' lang='lat' dir='ltr'><strong>non</strong></span> 
     </span>
     <span class='ocr_line' id='line_1_3' title="bbox 244 567 2527 644; baseline 0.001 -18"><span class='ocrx_word' id='word_1_17' title='bbox 244 571 477 628; x_wconf 81' lang='lat' dir='ltr'><strong>localem</strong></span> <span class='ocrx_word' id='word_1_18' title='bbox 522 569 973 644; x_wconf 82' lang='lat' dir='ltr'><strong>significationem</strong></span> <span class='ocrx_word' id='word_1_19' title='bbox 1029 569 1229 626; x_wconf 82' lang='lat' dir='ltr'><strong>habere</strong></span> <span class='ocrx_word' id='word_1_20' title='bbox 1262 586 1499 642; x_wconf 44' lang='lat' dir='ltr'><strong>‚monere</strong></span> <span class='ocrx_word' id='word_1_21' title='bbox 1552 567 1814 630; x_wconf 90' lang='lat' dir='ltr'><strong>voluisse,</strong></span> <span class='ocrx_word' id='word_1_22' title='bbox 1867 585 2028 641; x_wconf 87' lang='lat' dir='ltr'><strong>quam</strong></span> <span class='ocrx_word' id='word_1_23' title='bbox 2080 586 2182 642; x_wconf 87' lang='lat' dir='ltr'><strong>pro</strong></span> <span class='ocrx_word' id='word_1_24' title='bbox 2223 577 2527 643; x_wconf 81' lang='lat' dir='ltr'><em>postquam</em></span> 
     </span>
     <span class='ocr_line' id='line_1_4' title="bbox 245 668 2527 745; baseline 0.001 -17"><span class='ocrx_word' id='word_1_25' title='bbox 245 673 567 728; x_wconf 86' lang='lat' dir='ltr'><strong>restitutum</strong></span> <span class='ocrx_word' id='word_1_26' title='bbox 612 689 733 728; x_wconf 85' lang='lat' dir='ltr'><strong>esse</strong></span> <span class='ocrx_word' id='word_1_27' title='bbox 774 672 889 740; x_wconf 87' lang='lat' dir='ltr'><strong>ubi,</strong></span> <span class='ocrx_word' id='word_1_28' title='bbox 936 678 1193 745; x_wconf 88' lang='lat' dir='ltr'><strong>optumos</strong></span> <span class='ocrx_word' id='word_1_29' title='bbox 1235 669 1409 727; x_wconf 86' lang='lat' dir='ltr'><strong>libros</strong></span> <span class='ocrx_word' id='word_1_30' title='bbox 1441 669 1747 744; x_wconf 84' lang='lat' dir='ltr'><strong>sequendos</strong></span> <span class='ocrx_word' id='word_1_31' title='bbox 1784 668 1984 744; x_wconf 88' lang='lat' dir='ltr'><strong>putavi.</strong></span> <span class='ocrx_word' id='word_1_32' title='bbox 2072 669 2270 727; x_wconf 79' lang='lat' dir='ltr'><strong>Deinde</strong></span> <span class='ocrx_word' id='word_1_33' title='bbox 2315 672 2527 745; x_wconf 80' lang='lat' dir='ltr'><strong>infecto</strong></span> 
     </span>
     <span class='ocr_line' id='line_1_5' title="bbox 246 770 2524 848; baseline 0 -18"><span class='ocrx_word' id='word_1_34' title='bbox 246 792 372 830; x_wconf 88' lang='lat' dir='ltr'><strong>cum</strong></span> <span class='ocrx_word' id='word_1_35' title='bbox 416 774 695 848; x_wconf 89' lang='lat' dir='ltr'><strong>plerisque</strong></span> <span class='ocrx_word' id='word_1_36' title='bbox 736 780 790 830; x_wconf 87' lang='lat' dir='ltr'><strong>et</strong></span> <span class='ocrx_word' id='word_1_37' title='bbox 834 772 1075 846; x_wconf 84' lang='lat' dir='ltr'><strong>optumis</strong></span> <span class='ocrx_word' id='word_1_38' title='bbox 1119 771 1276 828; x_wconf 91' lang='lat' dir='ltr'><strong>libris</strong></span> <span class='ocrx_word' id='word_1_39' title='bbox 1320 771 1664 848; x_wconf 79' lang='lat' dir='ltr'><strong>retinendum</strong></span> <span class='ocrx_word' id='word_1_40' title='bbox 1690 771 1891 846; x_wconf 87' lang='lat' dir='ltr'><strong>putavi.</strong></span> <span class='ocrx_word' id='word_1_41' title='bbox 1979 770 2110 826; x_wconf 87' lang='lat' dir='ltr'><strong>Cum</strong></span> <span class='ocrx_word' id='word_1_42' title='bbox 2141 773 2286 828; x_wconf 89' lang='lat' dir='ltr'><strong>enim</strong></span> <span class='ocrx_word' id='word_1_43' title='bbox 2311 773 2524 830; x_wconf 82' lang='lat' dir='ltr'><strong>aliunde</strong></span> 
     </span>
     <span class='ocr_line' id='line_1_6' title="bbox 248 870 2524 947; baseline -0 -16"><span class='ocrx_word' id='word_1_44' title='bbox 248 875 383 947; x_wconf 86' lang='lat' dir='ltr'><strong>quid</strong></span> <span class='ocrx_word' id='word_1_45' title='bbox 424 892 550 931; x_wconf 85' lang='lat' dir='ltr'><strong>vere</strong></span> <span class='ocrx_word' id='word_1_46' title='bbox 588 875 791 930; x_wconf 86' lang='lat' dir='ltr'><strong>factum</strong></span> <span class='ocrx_word' id='word_1_47' title='bbox 830 873 997 930; x_wconf 79' lang='lat' dir='ltr'><strong>fuerit</strong></span> <span class='ocrx_word' id='word_1_48' title='bbox 1038 873 1321 946; x_wconf 83' lang='lat' dir='ltr'><strong>cognitum</strong></span> <span class='ocrx_word' id='word_1_49' title='bbox 1364 890 1477 930; x_wconf 84' lang='lat' dir='ltr'><strong>uon</strong></span> <span class='ocrx_word' id='word_1_50' title='bbox 1520 871 1829 934; x_wconf 75' lang='lat' dir='ltr'><strong>habeamus,</strong></span> <span class='ocrx_word' id='word_1_51' title='bbox 1875 870 2002 926; x_wconf 84' lang='lat' dir='ltr'><strong>libri</strong></span> <span class='ocrx_word' id='word_1_52' title='bbox 2045 874 2302 946; x_wconf 85' lang='lat' dir='ltr'><strong>sequendi</strong></span> <span class='ocrx_word' id='word_1_53' title='bbox 2347 883 2524 938; x_wconf 83' lang='lat' dir='ltr'><strong>erunt,</strong></span> 
     </span>
     <span class='ocr_line' id='line_1_7' title="bbox 246 972 2526 1050; baseline 0.001 -20"><span class='ocrx_word' id='word_1_54' title='bbox 246 976 356 1032; x_wconf 89' lang='lat' dir='ltr'><strong>nisi</strong></span> <span class='ocrx_word' id='word_1_55' title='bbox 399 976 543 1050; x_wconf 87' lang='lat' dir='ltr'><strong>quod</strong></span> <span class='ocrx_word' id='word_1_56' title='bbox 587 975 877 1032; x_wconf 81' lang='lat' dir='ltr'><strong>exhibeant</strong></span> <span class='ocrx_word' id='word_1_57' title='bbox 914 972 1110 1031; x_wconf 82' lang='lat' dir='ltr'><strong>salsum</strong></span> <span class='ocrx_word' id='word_1_58' title='bbox 1150 992 1271 1032; x_wconf 90' lang='lat' dir='ltr'><strong>esse</strong></span> <span class='ocrx_word' id='word_1_59' title='bbox 1312 975 1740 1032; x_wconf 85' lang='lat' dir='ltr'><strong>demonstratum</strong></span> <span class='ocrx_word' id='word_1_60' title='bbox 1773 973 1954 1030; x_wconf 80' lang='lat' dir='ltr'><strong>fuerit.</strong></span> <span class='ocrx_word' id='word_1_61' title='bbox 2039 975 2206 1047; x_wconf 83' lang='lat' dir='ltr'><strong>Atqui</strong></span> <span class='ocrx_word' id='word_1_62' title='bbox 2248 975 2294 1030; x_wconf 89' lang='lat' dir='ltr'><strong>si</strong></span> <span class='ocrx_word' id='word_1_63' title='bbox 2329 975 2526 1032; x_wconf 84' lang='lat' dir='ltr'><strong>Marius</strong></span> 
     </span>
     <span class='ocr_line' id='line_1_8' title="bbox 247 1061 2526 1151; baseline 0.001 -17"><span class='ocrx_word' id='word_1_64' title='bbox 247 1077 452 1134; x_wconf 87' lang='lat' dir='ltr'><strong>infecto</strong></span> <span class='ocrx_word' id='word_1_65' title='bbox 483 1077 705 1151; x_wconf 88' lang='lat' dir='ltr'><strong>negotio</strong></span> <span class='ocrx_word' id='word_1_66' title='bbox 725 1076 791 1132; x_wconf 89' lang='lat' dir='ltr'><strong>ab</strong></span> <span class='ocrx_word' id='word_1_67' title='bbox 820 1075 1298 1132; x_wconf 83' lang='lat' dir='ltr'><strong>obsidione·turris</strong></span> <span class='ocrx_word' id='word_1_68' title='bbox 1324 1076 1531 1150; x_wconf 79' lang='lat' dir='ltr'><strong>regiae,</strong></span> <span class='ocrx_word' id='word_1_69' title='bbox 1562 1092 1721 1150; x_wconf 87' lang='lat' dir='ltr'><strong>quam</strong></span> <span class='ocrx_word' id='word_1_70' title='bbox 1751 1082 2080 1148; x_wconf 82' lang='lat' dir='ltr'><strong>susceperat,</strong></span> <span class='ocrx_word' id='word_1_71' title='bbox 2113 1061 2288 1137; x_wconf 78' lang='lat' dir='ltr'><strong>redire</strong></span> <span class='ocrx_word' id='word_1_72' title='bbox 2305 1081 2526 1136; x_wconf 81' lang='lat' dir='ltr'><strong>coactus</strong></span> 
     </span>
     <span class='ocr_line' id='line_1_9' title="bbox 248 1161 2526 1251; baseline 0 -16"><span class='ocrx_word' id='word_1_73' title='bbox 248 1178 431 1241; x_wconf 80' lang='lat' dir='ltr'><strong>fuerit,</strong></span> <span class='ocrx_word' id='word_1_74' title='bbox 478 1178 688 1234; x_wconf 80' lang='lat' dir='ltr'><strong>facilius</strong></span> <span class='ocrx_word' id='word_1_75' title='bbox 716 1175 1077 1249; x_wconf 85' lang='lat' dir='ltr'><strong>intellegitur,</strong></span> <span class='ocrx_word' id='word_1_76' title='bbox 1125 1177 1321 1250; x_wconf 89' lang='lat' dir='ltr'><strong>quibus</strong></span> <span class='ocrx_word' id='word_1_77' title='bbox 1358 1175 1568 1234; x_wconf 82' lang='lat' dir='ltr'><strong>caussis</strong></span> <span class='ocrx_word' id='word_1_78' title='bbox 1599 1161 1780 1232; x_wconf 76' lang='lat' dir='ltr'><strong>motus</strong></span> <span class='ocrx_word' id='word_1_79' title='bbox 1819 1177 1908 1238; x_wconf 90' lang='lat' dir='ltr'><strong>sit,</strong></span> <span class='ocrx_word' id='word_1_80' title='bbox 1949 1183 2012 1232; x_wconf 88' lang='lat' dir='ltr'><strong>ut</strong></span> <span class='ocrx_word' id='word_1_81' title='bbox 2042 1175 2246 1233; x_wconf 90' lang='lat' dir='ltr'><strong>bellum</strong></span> <span class='ocrx_word' id='word_1_82' title='bbox 2273 1179 2526 1251; x_wconf 80' lang='lat' dir='ltr'><strong>pactione</strong></span> 
     </span>
     <span class='ocr_line' id='line_1_10' title="bbox 250 1276 2527 1354; baseline 0 -18"><span class='ocrx_word' id='word_1_83' title='bbox 250 1311 329 1322; x_wconf 89' lang='lat'><strong>—</strong></span> <span class='ocrx_word' id='word_1_84' title='bbox 378 1297 514 1353; x_wconf 87' lang='lat' dir='ltr'><strong>quae</strong></span> <span class='ocrx_word' id='word_1_85' title='bbox 558 1296 719 1354; x_wconf 89' lang='lat' dir='ltr'><strong>quam</strong></span> <span class='ocrx_word' id='word_1_86' title='bbox 757 1278 923 1335; x_wconf 86' lang='lat' dir='ltr'><strong>ardua</strong></span> <span class='ocrx_word' id='word_1_87' title='bbox 969 1278 1151 1341; x_wconf 80' lang='lat' dir='ltr'><strong>suerit,</strong></span> <span class='ocrx_word' id='word_1_88' title='bbox 1196 1279 1298 1335; x_wconf 88' lang='lat' dir='ltr'><strong>vid.</strong></span> <span class='ocrx_word' id='word_1_89' title='bbox 1337 1278 1581 1336; x_wconf 84' lang='lat' dir='ltr'><strong>Momms.</strong></span> <span class='ocrx_word' id='word_1_90' title='bbox 1620 1278 1680 1332; x_wconf 82' lang='lat' dir='ltr'><strong>H.</strong></span> <span class='ocrx_word' id='word_1_91' title='bbox 1723 1277 1780 1334; x_wconf 79' lang='lat' dir='ltr'><strong>R.</strong></span> <span class='ocrx_word' id='word_1_92' title='bbox 1827 1276 1870 1332; x_wconf 91' lang='lat'><strong>11</strong></span> <span class='ocrx_word' id='word_1_93' title='bbox 1903 1295 1958 1351; x_wconf 89' lang='lat' dir='ltr'><strong>p.</strong></span> <span class='ocrx_word' id='word_1_94' title='bbox 2005 1283 2102 1337; x_wconf 83' lang='lat'><strong>147</strong></span> <span class='ocrx_word' id='word_1_95' title='bbox 2155 1307 2228 1318; x_wconf 88' lang='lat'><strong>-—</strong></span> <span class='ocrx_word' id='word_1_96' title='bbox 2271 1297 2432 1352; x_wconf 88' lang='lat' dir='ltr'><strong>quam</strong></span> <span class='ocrx_word' id='word_1_97' title='bbox 2476 1281 2527 1336; x_wconf 88' lang='lat' dir='ltr'><strong>vi</strong></span> 
     </span>
     <span class='ocr_line' id='line_1_11' title="bbox 246 1377 2526 1453; baseline -0 -15"><span class='ocrx_word' id='word_1_98' title='bbox 246 1379 513 1438; x_wconf 85' lang='lat' dir='ltr'><strong>conficere</strong></span> <span class='ocrx_word' id='word_1_99' title='bbox 557 1379 757 1437; x_wconf 85' lang='lat' dir='ltr'><strong>mallet.</strong></span> <span class='ocrx_word' id='word_1_100' title='bbox 846 1380 979 1436; x_wconf 88' lang='lat' dir='ltr'><strong>Tum</strong></span> <span class='ocrx_word' id='word_1_101' title='bbox 1019 1397 1179 1436; x_wconf 87' lang='lat' dir='ltr'><strong>nemo</strong></span> <span class='ocrx_word' id='word_1_102' title='bbox 1222 1379 1536 1443; x_wconf 88' lang='lat' dir='ltr'><strong>mirabitur,</strong></span> <span class='ocrx_word' id='word_1_103' title='bbox 1585 1379 1731 1453; x_wconf 86' lang='lat' dir='ltr'><strong>quod</strong></span> <span class='ocrx_word' id='word_1_104' title='bbox 1783 1395 1910 1435; x_wconf 87' lang='lat' dir='ltr'><strong>eum</strong></span> <span class='ocrx_word' id='word_1_105' title='bbox 1950 1377 2236 1434; x_wconf 87' lang='lat' dir='ltr'><strong>verborum</strong></span> <span class='ocrx_word' id='word_1_106' title='bbox 2283 1380 2526 1437; x_wconf 76' lang='lat' dir='ltr'><strong>ordinem</strong></span> 
     </span>
     <span class='ocr_line' id='line_1_12' title="bbox 245 1480 2526 1555; baseline 0 -17"><span class='ocrx_word' id='word_1_107' title='bbox 245 1499 394 1538; x_wconf 88' lang='lat' dir='ltr'><strong>nunc</strong></span> <span class='ocrx_word' id='word_1_108' title='bbox 434 1481 678 1544; x_wconf 84' lang='lat' dir='ltr'><strong>exhibui,</strong></span> <span class='ocrx_word' id='word_1_109' title='bbox 734 1481 849 1554; x_wconf 91' lang='lat' dir='ltr'><strong>qui·</strong></span> <span class='ocrx_word' id='word_1_110' title='bbox 874 1481 941 1536; x_wconf 94' lang='lat' dir='ltr'><strong>ab</strong></span> <span class='ocrx_word' id='word_1_111' title='bbox 996 1481 1235 1555; x_wconf 87' lang='lat' dir='ltr'><strong>optumis</strong></span> <span class='ocrx_word' id='word_1_112' title='bbox 1286 1480 1443 1538; x_wconf 90' lang='lat' dir='ltr'><strong>libris</strong></span> <span class='ocrx_word' id='word_1_113' title='bbox 1480 1480 1870 1536; x_wconf 87' lang='lat' dir='ltr'><strong>conmendatus</strong></span> <span class='ocrx_word' id='word_1_114' title='bbox 1913 1487 2089 1541; x_wconf 88' lang='lat' dir='ltr'><strong>esset,</strong></span> <span class='ocrx_word' id='word_1_115' title='bbox 2146 1488 2230 1536; x_wconf 90' lang='lat' dir='ltr'><strong>set</strong></span> <span class='ocrx_word' id='word_1_116' title='bbox 2283 1499 2526 1538; x_wconf 84' lang='lat' dir='ltr'><strong>maxume</strong></span> 
     </span>
     <span class='ocr_line' id='line_1_13' title="bbox 246 1579 2526 1656; baseline 0 -16"><span class='ocrx_word' id='word_1_117' title='bbox 246 1583 659 1640; x_wconf 85' lang='lat' dir='ltr'><strong>admirabuntur</strong></span> <span class='ocrx_word' id='word_1_118' title='bbox 700 1583 946 1639; x_wconf 90' lang='lat' dir='ltr'><strong>homines</strong></span> <span class='ocrx_word' id='word_1_119' title='bbox 987 1582 1151 1645; x_wconf 87' lang='lat' dir='ltr'><strong>docti,</strong></span> <span class='ocrx_word' id='word_1_120' title='bbox 1203 1583 1349 1656; x_wconf 88' lang='lat' dir='ltr'><strong>quod</strong></span> <span class='ocrx_word' id='word_1_121' title='bbox 1391 1600 1493 1656; x_wconf 91' lang='lat' dir='ltr'><strong>pro</strong></span> <span class='ocrx_word' id='word_1_122' title='bbox 1539 1598 1669 1654; x_wconf 78' lang='lat' dir='ltr'><strong>qua,</strong></span> <span class='ocrx_word' id='word_1_123' title='bbox 1714 1579 1860 1654; x_wconf 89' lang='lat' dir='ltr'><strong>quod</strong></span> <span class='ocrx_word' id='word_1_124' title='bbox 1905 1579 2215 1637; x_wconf 86' lang='lat' dir='ltr'><strong>adverbium</strong></span> <span class='ocrx_word' id='word_1_125' title='bbox 2255 1580 2360 1638; x_wconf 90' lang='lat' dir='ltr'><strong>loci</strong></span> <span class='ocrx_word' id='word_1_126' title='bbox 2407 1601 2526 1640; x_wconf 86' lang='lat' dir='ltr'><strong>esse</strong></span> 
     </span>
     <span class='ocr_line' id='line_1_14' title="bbox 246 1681 2527 1759; baseline -0 -17"><span class='ocrx_word' id='word_1_127' title='bbox 246 1685 495 1742; x_wconf 88' lang='lat' dir='ltr'><strong>studiose</strong></span> <span class='ocrx_word' id='word_1_128' title='bbox 536 1684 691 1741; x_wconf 75' lang='lat' dir='ltr'><strong>Obss,</strong></span> <span class='ocrx_word' id='word_1_129' title='bbox 734 1703 788 1759; x_wconf 87' lang='lat' dir='ltr'><strong>p.</strong></span> <span class='ocrx_word' id='word_1_130' title='bbox 833 1691 903 1744; x_wconf 75' lang='lat'><strong>24</strong></span> <span class='ocrx_word' id='word_1_131' title='bbox 944 1702 1025 1757; x_wconf 91' lang='lat' dir='ltr'><strong>sq.</strong></span> <span class='ocrx_word' id='word_1_132' title='bbox 1062 1684 1427 1740; x_wconf 83' lang='lat' dir='ltr'><strong>demonstravi</strong></span> <span class='ocrx_word' id='word_1_133' title='bbox 1476 1688 1552 1724; x_wconf 85' lang='lat'><strong>-·&#39;</strong></span> <span class='ocrx_word' id='word_1_134' title='bbox 1607 1699 1713 1756; x_wconf 88' lang='lat' dir='ltr'><strong>qua</strong></span> <span class='ocrx_word' id='word_1_135' title='bbox 1773 1682 1830 1737; x_wconf 90' lang='lat' dir='ltr'><strong>in</strong></span> <span class='ocrx_word' id='word_1_136' title='bbox 1872 1697 1932 1737; x_wconf 92' lang='lat' dir='ltr'><strong>re</strong></span> <span class='ocrx_word' id='word_1_137' title='bbox 1977 1681 2215 1738; x_wconf 87' lang='lat' dir='ltr'><strong>Kritzius</strong></span> <span class='ocrx_word' id='word_1_138' title='bbox 2259 1684 2392 1740; x_wconf 90' lang='lat' dir='ltr'><strong>mihi</strong></span> <span class='ocrx_word' id='word_1_139' title='bbox 2435 1685 2527 1741; x_wconf 86' lang='lat' dir='ltr'><strong>ad·</strong></span> 
     </span>
     <span class='ocr_line' id='line_1_15' title="bbox 246 1782 2527 1859; baseline 0.001 -17"><span class='ocrx_word' id='word_1_140' title='bbox 246 1803 445 1842; x_wconf 88' lang='lat' dir='ltr'><strong>sensus</strong></span> <span class='ocrx_word' id='word_1_141' title='bbox 490 1793 575 1842; x_wconf 88' lang='lat' dir='ltr'><strong>est</strong></span> <span class='ocrx_word' id='word_1_142' title='bbox 619 1815 692 1826; x_wconf 88' lang='lat'><strong>-—</strong></span> <span class='ocrx_word' id='word_1_143' title='bbox 734 1794 917 1842; x_wconf 83' lang='lat' dir='ltr'><strong>tamen</strong></span> <span class='ocrx_word' id='word_1_144' title='bbox 970 1785 1118 1859; x_wconf 89' lang='lat' dir='ltr'><strong>quod</strong></span> <span class='ocrx_word' id='word_1_145' title='bbox 1170 1784 1283 1841; x_wconf 90' lang='lat' dir='ltr'><strong>illic</strong></span> <span class='ocrx_word' id='word_1_146' title='bbox 1339 1793 1486 1842; x_wconf 88' lang='lat' dir='ltr'><strong>recte</strong></span> <span class='ocrx_word' id='word_1_147' title='bbox 1547 1784 1651 1841; x_wconf 88' lang='lat' dir='ltr'><strong>dici</strong></span> <span class='ocrx_word' id='word_1_148' title='bbox 1701 1782 1892 1856; x_wconf 85' lang='lat' dir='ltr'><strong>negavi</strong></span> <span class='ocrx_word' id='word_1_149' title='bbox 1925 1786 2080 1854; x_wconf 80' lang='lat' dir='ltr'><strong>quod</strong></span> <span class='ocrx_word' id='word_1_150' title='bbox 2130 1785 2527 1845; x_wconf 86' lang='lat' dir='ltr'><strong>restituendum</strong></span> 
     </span>
     <span class='ocr_line' id='line_1_16' title="bbox 248 1885 2526 1962; baseline 0 -18"><span class='ocrx_word' id='word_1_151' title='bbox 248 1887 586 1944; x_wconf 81' lang='lat' dir='ltr'><strong>existumavi.</strong></span> <span class='ocrx_word' id='word_1_152' title='bbox 654 1886 877 1944; x_wconf 87' lang='lat' dir='ltr'><strong>Scilicet</strong></span> <span class='ocrx_word' id='word_1_153' title='bbox 916 1886 1045 1942; x_wconf 89' lang='lat' dir='ltr'><strong>mihi</strong></span> <span class='ocrx_word' id='word_1_154' title='bbox 1089 1886 1481 1962; x_wconf 89' lang='lat' dir='ltr'><strong>persuadebam</strong></span> <span class='ocrx_word' id='word_1_155' title='bbox 1522 1903 1682 1959; x_wconf 91' lang='lat' dir='ltr'><strong>quem</strong></span> <span class='ocrx_word' id='word_1_156' title='bbox 1712 1885 1778 1941; x_wconf 90' lang='lat' dir='ltr'><strong>ad</strong></span> <span class='ocrx_word' id='word_1_157' title='bbox 1813 1886 2031 1941; x_wconf 91' lang='lat' dir='ltr'><strong>modum</strong></span> <span class='ocrx_word' id='word_1_158' title='bbox 2063 1888 2378 1956; x_wconf 85' lang='lat' dir='ltr'><strong>consilium,</strong></span> <span class='ocrx_word' id='word_1_159' title='bbox 2406 1889 2526 1960; x_wconf 85' lang='lat' dir='ltr'><strong>fal-</strong></span> 
     </span>
     <span class='ocr_line' id='line_1_17' title="bbox 244 1988 2525 2060; baseline 0.001 -16"><span class='ocrx_word' id='word_1_160' title='bbox 244 1991 479 2060; x_wconf 84' lang='lat' dir='ltr'><strong>laciam,</strong></span> <span class='ocrx_word' id='word_1_161' title='bbox 518 1992 629 2046; x_wconf 86' lang='lat' dir='ltr'><strong>iter</strong></span> <span class='ocrx_word' id='word_1_162' title='bbox 672 1991 964 2046; x_wconf 75' lang='lat' dir='ltr'><strong>intendere</strong></span> <span class='ocrx_word' id='word_1_163' title='bbox 1004 1996 1151 2045; x_wconf 89' lang='lat' dir='ltr'><strong>recte</strong></span> <span class='ocrx_word' id='word_1_164' title='bbox 1202 1989 1430 2050; x_wconf 82' lang='lat' dir='ltr'><strong>dicatur,</strong></span> <span class='ocrx_word' id='word_1_165' title='bbox 1476 1988 1556 2044; x_wconf 90' lang='lat' dir='ltr'><strong>sic</strong></span> <span class='ocrx_word' id='word_1_166' title='bbox 1589 1988 1884 2043; x_wconf 80' lang='lat' dir='ltr'><strong>intendere</strong></span> <span class='ocrx_word' id='word_1_167' title='bbox 1925 1990 2210 2059; x_wconf 60' lang='lat' dir='ltr'><strong>negotium</strong></span> <span class='ocrx_word' id='word_1_168' title='bbox 2254 2005 2366 2044; x_wconf 90' lang='lat' dir='ltr'><strong>non</strong></span> <span class='ocrx_word' id='word_1_169' title='bbox 2407 2006 2525 2048; x_wconf 89' lang='lat' dir='ltr'><strong>esse</strong></span> 
     </span>
     <span class='ocr_line' id='line_1_18' title="bbox 248 2089 2526 2165; baseline 0.001 -20"><span class='ocrx_word' id='word_1_170' title='bbox 248 2091 497 2165; x_wconf 86' lang='lat' dir='ltr'><strong>quidem:</strong></span> <span class='ocrx_word' id='word_1_171' title='bbox 542 2090 835 2164; x_wconf 86' lang='lat' dir='ltr'><strong>suscipere,</strong></span> <span class='ocrx_word' id='word_1_172' title='bbox 880 2089 1169 2147; x_wconf 89' lang='lat' dir='ltr'><strong>consilium</strong></span> <span class='ocrx_word' id='word_1_173' title='bbox 1210 2106 1421 2164; x_wconf 88' lang='lat' dir='ltr'><strong>capere,</strong></span> <span class='ocrx_word' id='word_1_174' title='bbox 1462 2097 1549 2145; x_wconf 88' lang='lat' dir='ltr'><strong>set</strong></span> <span class='ocrx_word' id='word_1_175' title='bbox 1591 2089 1851 2144; x_wconf 85' lang='lat' dir='ltr'><strong>advorsus</strong></span> <span class='ocrx_word' id='word_1_176' title='bbox 1883 2089 2062 2144; x_wconf 81' lang='lat' dir='ltr'><strong>host-is</strong></span> <span class='ocrx_word' id='word_1_177' title='bbox 2100 2106 2312 2146; x_wconf 87' lang='lat' dir='ltr'><strong>summo</strong></span> <span class='ocrx_word' id='word_1_178' title='bbox 2342 2091 2526 2148; x_wconf 89' lang='lat' dir='ltr'><strong>studio</strong></span> 
     </span>
     <span class='ocr_line' id='line_1_19' title="bbox 248 2166 2526 2266; baseline 0.001 -18"><span class='ocrx_word' id='word_1_179' title='bbox 248 2200 309 2248; x_wconf 87' lang='lat' dir='ltr'><strong>et</strong></span> <span class='ocrx_word' id='word_1_180' title='bbox 348 2191 697 2249; x_wconf 73' lang='lat' dir='ltr'><strong>contentione</strong></span> <span class='ocrx_word' id='word_1_181' title='bbox 740 2191 946 2266; x_wconf 86' lang='lat' dir='ltr'><strong>agitare</strong></span> <span class='ocrx_word' id='word_1_182' title='bbox 990 2190 1114 2264; x_wconf 86' lang='lat' dir='ltr'><strong>(·die</strong></span> <span class='ocrx_word' id='word_1_183' title='bbox 1148 2166 1607 2264; x_wconf 74' lang='lat' dir='ltr'><strong>Unternehmung‚</strong></span> <span class='ocrx_word' id='word_1_184' title='bbox 1653 2190 1740 2245; x_wconf 90' lang='lat' dir='ltr'><strong>die</strong></span> <span class='ocrx_word' id='word_1_185' title='bbox 1783 2207 1844 2246; x_wconf 88' lang='lat' dir='ltr'><strong>er</strong></span> <span class='ocrx_word' id='word_1_186' title='bbox 1880 2207 2058 2263; x_wconf 84' lang='lat' dir='ltr'><strong>gegen</strong></span> <span class='ocrx_word' id='word_1_187' title='bbox 2098 2191 2202 2246; x_wconf 86' lang='lat' dir='ltr'><strong>deu</strong></span> <span class='ocrx_word' id='word_1_188' title='bbox 2240 2190 2404 2248; x_wconf 84' lang='lat' dir='ltr'><strong>Feind</strong></span> <span class='ocrx_word' id='word_1_189' title='bbox 2431 2211 2526 2266; x_wconf 85' lang='lat' dir='ltr'><strong>ge-</strong></span> 
     </span>
     <span class='ocr_line' id='line_1_20' title="bbox 249 2291 2526 2368; baseline 0.001 -17"><span class='ocrx_word' id='word_1_190' title='bbox 249 2296 451 2352; x_wconf 81' lang='lat' dir='ltr'><strong>riclitet</strong></span> <span class='ocrx_word' id='word_1_191' title='bbox 505 2293 711 2368; x_wconf 82' lang='lat' dir='ltr'><strong>hatte’).</strong></span> <span class='ocrx_word' id='word_1_192' title='bbox 806 2293 1041 2348; x_wconf 85' lang='lat' dir='ltr'><strong>Tametsi</strong></span> <span class='ocrx_word' id='word_1_193' title='bbox 1097 2294 1149 2350; x_wconf 91' lang='lat' dir='ltr'><strong>ei</strong></span> <span class='ocrx_word' id='word_1_194' title='bbox 1205 2294 1296 2368; x_wconf 92' lang='lat' dir='ltr'><strong>qui</strong></span> <span class='ocrx_word' id='word_1_195' title='bbox 1342 2311 1454 2365; x_wconf 85' lang='lat' dir='ltr'><strong>quo</strong></span> <span class='ocrx_word' id='word_1_196' title='bbox 1498 2291 1848 2349; x_wconf 88' lang='lat' dir='ltr'><strong>scribundum</strong></span> <span class='ocrx_word' id='word_1_197' title='bbox 1889 2293 2212 2356; x_wconf 77' lang='lat' dir='ltr'><strong>existumet,</strong></span> <span class='ocrx_word' id='word_1_198' title='bbox 2268 2311 2336 2350; x_wconf 88' lang='lat' dir='ltr'><strong>ne</strong></span> <span class='ocrx_word' id='word_1_199' title='bbox 2381 2313 2526 2354; x_wconf 85' lang='lat' dir='ltr'><strong>nunc</strong></span> 
     </span>
     <span class='ocr_line' id='line_1_21' title="bbox 251 2394 2525 2470; baseline 0.001 -18"><span class='ocrx_word' id='word_1_200' title='bbox 251 2397 470 2470; x_wconf 87' lang='lat' dir='ltr'><strong>quidem</strong></span> <span class='ocrx_word' id='word_1_201' title='bbox 522 2397 864 2452; x_wconf 89' lang='lat' dir='ltr'><strong>vehementer</strong></span> <span class='ocrx_word' id='word_1_202' title='bbox 905 2394 1237 2469; x_wconf 85' lang='lat' dir='ltr'><strong>repugnabo.</strong></span> <span class='ocrx_word' id='word_1_203' title='bbox 1326 2395 1525 2451; x_wconf 87' lang='lat' dir='ltr'><strong>Postea</strong></span> <span class='ocrx_word' id='word_1_204' title='bbox 1567 2412 1668 2450; x_wconf 89' lang='lat' dir='ltr'><strong>cur</strong></span> <span class='ocrx_word' id='word_1_205' title='bbox 1707 2401 1763 2450; x_wconf 88' lang='lat' dir='ltr'><strong>et</strong></span> <span class='ocrx_word' id='word_1_206' title='bbox 1814 2423 1887 2434; x_wconf 88' lang='lat'><strong>-—</strong></span> <span class='ocrx_word' id='word_1_207' title='bbox 1933 2396 2147 2452; x_wconf 77' lang='lat' dir='ltr'><strong>certior</strong></span> <span class='ocrx_word' id='word_1_208' title='bbox 2185 2396 2384 2469; x_wconf 80' lang='lat' dir='ltr'><strong>factus</strong></span> <span class='ocrx_word' id='word_1_209' title='bbox 2423 2405 2525 2462; x_wconf 86' lang='lat' dir='ltr'><strong>est,</strong></span> 
     </span>
     <span class='ocr_line' id='line_1_22' title="bbox 248 2494 2526 2573; baseline 0.002 -20"><span class='ocrx_word' id='word_1_210' title='bbox 248 2499 305 2553; x_wconf 90' lang='lat' dir='ltr'><strong>id</strong></span> <span class='ocrx_word' id='word_1_211' title='bbox 348 2498 495 2570; x_wconf 89' lang='lat' dir='ltr'><strong>quod</strong></span> <span class='ocrx_word' id='word_1_212' title='bbox 536 2497 591 2553; x_wconf 89' lang='lat' dir='ltr'><strong>in</strong></span> <span class='ocrx_word' id='word_1_213' title='bbox 632 2496 910 2572; x_wconf 89' lang='lat' dir='ltr'><strong>plerisque</strong></span> <span class='ocrx_word' id='word_1_214' title='bbox 955 2503 1010 2552; x_wconf 89' lang='lat' dir='ltr'><strong>et</strong></span> <span class='ocrx_word' id='word_1_215' title='bbox 1060 2497 1297 2570; x_wconf 89' lang='lat' dir='ltr'><strong>optumis</strong></span> <span class='ocrx_word' id='word_1_216' title='bbox 1340 2494 1497 2552; x_wconf 89' lang='lat' dir='ltr'><strong>libris</strong></span> <span class='ocrx_word' id='word_1_217' title='bbox 1543 2505 1654 2559; x_wconf 84' lang='lat' dir='ltr'><strong>est,</strong></span> <span class='ocrx_word' id='word_1_218' title='bbox 1699 2496 1831 2552; x_wconf 81' lang='lat' dir='ltr'><strong>ferri</strong></span> <span class='ocrx_word' id='word_1_219' title='bbox 1887 2513 1998 2553; x_wconf 88' lang='lat' dir='ltr'><strong>non</strong></span> <span class='ocrx_word' id='word_1_220' title='bbox 2049 2504 2240 2569; x_wconf 89' lang='lat' dir='ltr'><strong>queat,</strong></span> <span class='ocrx_word' id='word_1_221' title='bbox 2294 2517 2526 2573; x_wconf 83' lang='lat' dir='ltr'><strong>prorsus</strong></span> 
     </span>
     <span class='ocr_line' id='line_1_23' title="bbox 248 2597 2524 2674; baseline 0.001 -18"><span class='ocrx_word' id='word_1_222' title='bbox 248 2617 363 2656; x_wconf 88' lang='lat' dir='ltr'><strong>non</strong></span> <span class='ocrx_word' id='word_1_223' title='bbox 408 2597 685 2671; x_wconf 81' lang='lat' dir='ltr'><strong>intellego.</strong></span> <span class='ocrx_word' id='word_1_224' title='bbox 773 2599 1013 2672; x_wconf 85' lang='lat' dir='ltr'><strong>Denique</strong></span> <span class='ocrx_word' id='word_1_225' title='bbox 1070 2600 1367 2655; x_wconf 86' lang='lat' dir='ltr'><strong>eorundem</strong></span> <span class='ocrx_word' id='word_1_226' title='bbox 1425 2605 1778 2672; x_wconf 77' lang='lat' dir='ltr'><strong>optumarum</strong></span> <span class='ocrx_word' id='word_1_227' title='bbox 1831 2599 2080 2655; x_wconf 90' lang='lat' dir='ltr'><strong>codicum</strong></span> <span class='ocrx_word' id='word_1_228' title='bbox 2133 2628 2206 2639; x_wconf 88' lang='lat'><strong>-—</strong></span> <span class='ocrx_word' id='word_1_229' title='bbox 2256 2611 2524 2674; x_wconf 88' lang='lat' dir='ltr'><strong>quatenus</strong></span> 
     </span>
     <span class='ocr_line' id='line_1_24' title="bbox 246 2699 2527 2775; baseline 0.002 -17"><span class='ocrx_word' id='word_1_230' title='bbox 246 2702 307 2758; x_wconf 88' lang='lat' dir='ltr'><strong>id</strong></span> <span class='ocrx_word' id='word_1_231' title='bbox 346 2701 413 2756; x_wconf 85' lang='lat' dir='ltr'><strong>de</strong></span> <span class='ocrx_word' id='word_1_232' title='bbox 459 2699 855 2757; x_wconf 86' lang='lat' dir='ltr'><strong>recentioribus</strong></span> <span class='ocrx_word' id='word_1_233' title='bbox 900 2699 1056 2756; x_wconf 90' lang='lat' dir='ltr'><strong>libris</strong></span> <span class='ocrx_word' id='word_1_234' title='bbox 1098 2700 1205 2756; x_wconf 89' lang='lat' dir='ltr'><strong>dici</strong></span> <span class='ocrx_word' id='word_1_235' title='bbox 1252 2699 1395 2763; x_wconf 88' lang='lat' dir='ltr'><strong>licet,</strong></span> <span class='ocrx_word' id='word_1_236' title='bbox 1446 2729 1519 2740; x_wconf 89' lang='lat'><strong>-—</strong></span> <span class='ocrx_word' id='word_1_237' title='bbox 1565 2701 1696 2757; x_wconf 89' lang='lat' dir='ltr'><strong>haec</strong></span> <span class='ocrx_word' id='word_1_238' title='bbox 1739 2709 1825 2756; x_wconf 88' lang='lat' dir='ltr'><strong>est</strong></span> <span class='ocrx_word' id='word_1_239' title='bbox 1867 2702 2162 2774; x_wconf 88' lang='lat' dir='ltr'><strong>scriptura:</strong></span> <span class='ocrx_word' id='word_1_240' title='bbox 2223 2718 2430 2775; x_wconf 78' lang='lat' dir='ltr'><strong>eosque</strong></span> <span class='ocrx_word' id='word_1_241' title='bbox 2471 2713 2527 2762; x_wconf 85' lang='lat' dir='ltr'><strong>et</strong></span> 
     </span>
     <span class='ocr_line' id='line_1_25' title="bbox 251 2801 2523 2876; baseline 0.002 -19"><span class='ocrx_word' id='word_1_242' title='bbox 251 2802 472 2858; x_wconf 87' lang='lat' dir='ltr'><strong>Sullam</strong></span> <span class='ocrx_word' id='word_1_243' title='bbox 516 2801 599 2876; x_wconf 89' lang='lat' dir='ltr'><strong>(de</strong></span> <span class='ocrx_word' id='word_1_244' title='bbox 632 2817 742 2874; x_wconf 82' lang='lat' dir='ltr'><strong>que</strong></span> <span class='ocrx_word' id='word_1_245' title='bbox 777 2831 850 2842; x_wconf 88' lang='lat'><strong>-—</strong></span> <span class='ocrx_word' id='word_1_246' title='bbox 886 2808 942 2858; x_wconf 83' lang='lat' dir='ltr'><strong>et</strong></span> <span class='ocrx_word' id='word_1_247' title='bbox 972 2801 1073 2859; x_wconf 80' lang='lat' dir='ltr'><strong>cfr.</strong></span> <span class='ocrx_word' id='word_1_248' title='bbox 1118 2801 1231 2875; x_wconf 88' lang='lat' dir='ltr'><strong>lug.</strong></span> <span class='ocrx_word' id='word_1_249' title='bbox 1260 2807 1344 2864; x_wconf 83' lang='lat'><strong>26,</strong></span> <span class='ocrx_word' id='word_1_250' title='bbox 1380 2810 1425 2862; x_wconf 92' lang='lat' dir='ltr'><strong>l.</strong></span> <span class='ocrx_word' id='word_1_251' title='bbox 1471 2811 1555 2865; x_wconf 84' lang='lat'><strong>55,</strong></span> <span class='ocrx_word' id='word_1_252' title='bbox 1585 2811 1636 2862; x_wconf 91' lang='lat'><strong>1.</strong></span> <span class='ocrx_word' id='word_1_253' title='bbox 1681 2807 1768 2865; x_wconf 87' lang='grc'><strong>76,</strong></span> <span class='ocrx_word' id='word_1_254' title='bbox 1792 2808 1841 2862; x_wconf 89' lang='lat'><strong>6.</strong></span> <span class='ocrx_word' id='word_1_255' title='bbox 1887 2809 2055 2871; x_wconf 67' lang='lat'><strong>89,‘7.</strong></span> <span class='ocrx_word' id='word_1_256' title='bbox 2116 2803 2276 2860; x_wconf 85' lang='lat' dir='ltr'><strong>Fabri</strong></span> <span class='ocrx_word' id='word_1_257' title='bbox 2305 2807 2370 2861; x_wconf 89' lang='lat' dir='ltr'><strong>ad</strong></span> <span class='ocrx_word' id='word_1_258' title='bbox 2413 2807 2523 2863; x_wconf 87' lang='lat' dir='ltr'><strong>Liv.</strong></span> 
     </span>
     <span class='ocr_line' id='line_1_26' title="bbox 246 2902 2524 2978; baseline 0.002 -18"><span class='ocrx_word' id='word_1_259' title='bbox 246 2903 361 2960; x_wconf 70' lang='lat' dir='ltr'><strong>xxi</strong></span> <span class='ocrx_word' id='word_1_260' title='bbox 404 2912 495 2966; x_wconf 80' lang='lat'><strong>30,</strong></span> <span class='ocrx_word' id='word_1_261' title='bbox 534 2902 599 2977; x_wconf 80' lang='lat'><strong>2)</strong></span> <span class='ocrx_word' id='word_1_262' title='bbox 652 2905 731 2959; x_wconf 80' lang='lat' dir='ltr'><strong>ad</strong></span> <span class='ocrx_word' id='word_1_263' title='bbox 776 2903 993 2960; x_wconf 82' lang='lat' dir='ltr'><strong>Uticam</strong></span> <span class='ocrx_word' id='word_1_264' title='bbox 1036 2906 1230 2960; x_wconf 82' lang='lat' dir='ltr'><strong>venire</strong></span> <span class='ocrx_word' id='word_1_265' title='bbox 1269 2905 1447 2972; x_wconf 85' lang='lat' dir='ltr'><strong>iubet,</strong></span> <span class='ocrx_word' id='word_1_266' title='bbox 1503 2906 1635 2960; x_wconf 88' lang='lat' dir='ltr'><strong>item</strong></span> <span class='ocrx_word' id='word_1_267' title='bbox 1687 2905 1752 2960; x_wconf 88' lang='lat' dir='ltr'><strong>L.</strong></span> <span class='ocrx_word' id='word_1_268' title='bbox 1810 2905 2127 2961; x_wconf 85' lang='lat' dir='ltr'><strong>Bellienum</strong></span> <span class='ocrx_word' id='word_1_269' title='bbox 2172 2914 2524 2978; x_wconf 82' lang='lat' dir='ltr'><strong>praetorem,</strong></span> 
     </span>
     <span class='ocr_line' id='line_1_27' title="bbox 242 3005 2525 3078; baseline 0.002 -17"><span class='ocrx_word' id='word_1_270' title='bbox 242 3013 560 3078; x_wconf 83' lang='lat' dir='ltr'><strong>praeterea</strong></span> <span class='ocrx_word' id='word_1_271' title='bbox 602 3006 784 3061; x_wconf 80' lang='lat' dir='ltr'><strong>omnis</strong></span> <span class='ocrx_word' id='word_1_272' title='bbox 822 3006 1072 3077; x_wconf 81' lang='lat' dir='ltr'><strong>undique</strong></span> <span class='ocrx_word' id='word_1_273' title='bbox 1115 3007 1393 3061; x_wconf 84' lang='lat' dir='ltr'><strong>senatorii</strong></span> <span class='ocrx_word' id='word_1_274' title='bbox 1422 3007 1658 3074; x_wconf 76' lang='lat' dir='ltr'><strong>ordiniS,</strong></span> <span class='ocrx_word' id='word_1_275' title='bbox 1703 3005 2036 3077; x_wconf 83' lang='lat' dir='ltr'><strong>quibuscum</strong></span> <span class='ocrx_word' id='word_1_276' title='bbox 2065 3011 2341 3064; x_wconf 79' lang='lat' dir='ltr'><strong>mandata</strong></span> <span class='ocrx_word' id='word_1_277' title='bbox 2376 3009 2525 3066; x_wconf 86' lang='lat' dir='ltr'><strong>Boc·</strong></span> 
     </span>
     <span class='ocr_line' id='line_1_28' title="bbox 246 3105 2526 3184; baseline 0.001 -21"><span class='ocrx_word' id='word_1_278' title='bbox 246 3108 346 3164; x_wconf 79' lang='lat' dir='ltr'><strong>chi</strong></span> <span class='ocrx_word' id='word_1_279' title='bbox 386 3108 688 3180; x_wconf 76' lang='lat' dir='ltr'><strong>coynoscit.</strong></span> <span class='ocrx_word' id='word_1_280' title='bbox 782 3107 943 3163; x_wconf 87' lang='lat' dir='ltr'><strong>Utica</strong></span> <span class='ocrx_word' id='word_1_281' title='bbox 1001 3108 1146 3181; x_wconf 88' lang='lat' dir='ltr'><strong>quod</strong></span> <span class='ocrx_word' id='word_1_282' title='bbox 1204 3107 1259 3162; x_wconf 91' lang='lat' dir='ltr'><strong>in</strong></span> <span class='ocrx_word' id='word_1_283' title='bbox 1314 3106 1594 3164; x_wconf 89' lang='lat' dir='ltr'><strong>nonnullis</strong></span> <span class='ocrx_word' id='word_1_284' title='bbox 1645 3105 1802 3162; x_wconf 86' lang='lat' dir='ltr'><strong>libris</strong></span> <span class='ocrx_word' id='word_1_285' title='bbox 1849 3116 1979 3181; x_wconf 84' lang='lat' dir='ltr'><strong>post</strong></span> <span class='ocrx_word' id='word_1_286' title='bbox 2011 3117 2345 3180; x_wconf 83' lang='lat' dir='ltr'><strong>praetorem</strong></span> <span class='ocrx_word' id='word_1_287' title='bbox 2388 3109 2526 3184; x_wconf 86' lang='lat' dir='ltr'><strong>legi-</strong></span> 
     </span>
     <span class='ocr_line' id='line_1_29' title="bbox 248 3207 2526 3284; baseline 0.001 -18"><span class='ocrx_word' id='word_1_288' title='bbox 248 3218 357 3272; x_wconf 86' lang='lat' dir='ltr'><strong>tur,</strong></span> <span class='ocrx_word' id='word_1_289' title='bbox 404 3207 676 3282; x_wconf 84' lang='lat' dir='ltr'><strong>glossema</strong></span> <span class='ocrx_word' id='word_1_290' title='bbox 712 3226 850 3271; x_wconf 90' lang='lat' dir='ltr'><strong>esse,</strong></span> <span class='ocrx_word' id='word_1_291' title='bbox 896 3226 961 3264; x_wconf 85' lang='lat' dir='ltr'><strong>cx</strong></span> <span class='ocrx_word' id='word_1_292' title='bbox 1002 3208 1364 3283; x_wconf 85' lang='lat' dir='ltr'><strong>discrepantia</strong></span> <span class='ocrx_word' id='word_1_293' title='bbox 1407 3224 1545 3282; x_wconf 89' lang='lat' dir='ltr'><strong>quae</strong></span> <span class='ocrx_word' id='word_1_294' title='bbox 1588 3209 1730 3264; x_wconf 83' lang='lat' dir='ltr'><strong>inter</strong></span> <span class='ocrx_word' id='word_1_295' title='bbox 1773 3225 1870 3264; x_wconf 90' lang='lat' dir='ltr'><strong>eos</strong></span> <span class='ocrx_word' id='word_1_296' title='bbox 1915 3210 2066 3284; x_wconf 88' lang='lat' dir='ltr'><strong>ipsos</strong></span> <span class='ocrx_word' id='word_1_297' title='bbox 2121 3218 2206 3267; x_wconf 85' lang='lat' dir='ltr'><strong>est</strong></span> <span class='ocrx_word' id='word_1_298' title='bbox 2259 3211 2390 3266; x_wconf 90' lang='lat' dir='ltr'><strong>satis</strong></span> <span class='ocrx_word' id='word_1_299' title='bbox 2435 3212 2526 3268; x_wconf 88' lang='lat' dir='ltr'><strong>ad·</strong></span> 
     </span>
     <span class='ocr_line' id='line_1_30' title="bbox 245 3297 2526 3387; baseline 0 -19"><span class='ocrx_word' id='word_1_300' title='bbox 245 3319 422 3386; x_wconf 88' lang='lat' dir='ltr'><strong>paret.</strong></span> <span class='ocrx_word' id='word_1_301' title='bbox 514 3309 608 3366; x_wconf 89' lang='lat' dir='ltr'><strong>Set</strong></span> <span class='ocrx_word' id='word_1_302' title='bbox 653 3311 797 3384; x_wconf 89' lang='lat' dir='ltr'><strong>quod</strong></span> <span class='ocrx_word' id='word_1_303' title='bbox 840 3327 943 3384; x_wconf 86' lang='lat' dir='ltr'><strong>pro</strong></span> <span class='ocrx_word' id='word_1_304' title='bbox 988 3313 1068 3366; x_wconf 84' lang='lat' dir='ltr'><strong>ad</strong></span> <span class='ocrx_word' id='word_1_305' title='bbox 1116 3297 1333 3367; x_wconf 81' lang='lat' dir='ltr'><strong>Uticam</strong></span> <span class='ocrx_word' id='word_1_306' title='bbox 1374 3309 1578 3383; x_wconf 86' lang='lat' dir='ltr'><strong>legitur</strong></span> <span class='ocrx_word' id='word_1_307' title='bbox 1623 3312 1692 3367; x_wconf 86' lang='lat' dir='ltr'><strong>ab</strong></span> <span class='ocrx_word' id='word_1_308' title='bbox 1746 3311 1938 3367; x_wconf 86' lang='lat' dir='ltr'><strong>Tucca</strong></span> <span class='ocrx_word' id='word_1_309' title='bbox 1981 3311 2258 3387; x_wconf 87' lang='lat' dir='ltr'><strong>plerisque</strong></span> <span class='ocrx_word' id='word_1_310' title='bbox 2295 3319 2352 3368; x_wconf 88' lang='lat' dir='ltr'><strong>et</strong></span> <span class='ocrx_word' id='word_1_311' title='bbox 2393 3314 2526 3370; x_wconf 90' lang='lat' dir='ltr'><strong>mihi</strong></span> 
     </span>
     <span class='ocr_line' id='line_1_31' title="bbox 245 3411 2528 3488; baseline 0.002 -20"><span class='ocrx_word' id='word_1_312' title='bbox 245 3413 355 3488; x_wconf 88' lang='lat' dir='ltr'><strong>ipsi</strong></span> <span class='ocrx_word' id='word_1_313' title='bbox 398 3411 529 3469; x_wconf 91' lang='lat' dir='ltr'><strong>olim</strong></span> <span class='ocrx_word' id='word_1_314' title='bbox 573 3412 718 3486; x_wconf 88' lang='lat' dir='ltr'><strong>quod</strong></span> <span class='ocrx_word' id='word_1_315' title='bbox 760 3412 1097 3487; x_wconf 87' lang='lat' dir='ltr'><strong>reciperetur</strong></span> <span class='ocrx_word' id='word_1_316' title='bbox 1138 3412 1361 3485; x_wconf 86' lang='lat' dir='ltr'><strong>dignum</strong></span> <span class='ocrx_word' id='word_1_317' title='bbox 1409 3411 1584 3470; x_wconf 90' lang='lat' dir='ltr'><strong>visum</strong></span> <span class='ocrx_word' id='word_1_318' title='bbox 1627 3421 1740 3476; x_wconf 85' lang='lat' dir='ltr'><strong>est,</strong></span> <span class='ocrx_word' id='word_1_319' title='bbox 1799 3431 1974 3486; x_wconf 89' lang='lat' dir='ltr'><strong>eoque</strong></span> <span class='ocrx_word' id='word_1_320' title='bbox 2018 3415 2222 3487; x_wconf 86' lang='lat' dir='ltr'><strong>magis,</strong></span> <span class='ocrx_word' id='word_1_321' title='bbox 2270 3417 2414 3488; x_wconf 90' lang='lat' dir='ltr'><strong>quod</strong></span> <span class='ocrx_word' id='word_1_322' title='bbox 2450 3416 2528 3474; x_wconf 88' lang='lat' dir='ltr'><strong>sic</strong></span> 
     </span>
     <span class='ocr_line' id='line_1_32' title="bbox 246 3512 2527 3593; baseline 0.003 -23"><span class='ocrx_word' id='word_1_323' title='bbox 246 3513 525 3572; x_wconf 81' lang='lat' dir='ltr'><strong>facillume</strong></span> <span class='ocrx_word' id='word_1_324' title='bbox 568 3512 813 3587; x_wconf 81' lang='lat' dir='ltr'><strong>intellegi</strong></span> <span class='ocrx_word' id='word_1_325' title='bbox 850 3521 1069 3588; x_wconf 89' lang='lat' dir='ltr'><strong>posset,</strong></span> <span class='ocrx_word' id='word_1_326' title='bbox 1126 3532 1237 3588; x_wconf 89' lang='lat' dir='ltr'><strong>quo</strong></span> <span class='ocrx_word' id='word_1_327' title='bbox 1287 3515 1456 3571; x_wconf 89' lang='lat' dir='ltr'><strong>modo·</strong></span> <span class='ocrx_word' id='word_1_328' title='bbox 1492 3515 1616 3572; x_wconf 88' lang='lat' dir='ltr'><strong>inde</strong></span> <span class='ocrx_word' id='word_1_329' title='bbox 1659 3517 1731 3572; x_wconf 85' lang='lat' dir='ltr'><strong>ab</strong></span> <span class='ocrx_word' id='word_1_330' title='bbox 1785 3516 1975 3586; x_wconf 85' lang='lat' dir='ltr'><strong>Utica,</strong></span> <span class='ocrx_word' id='word_1_331' title='bbox 2024 3517 2170 3590; x_wconf 88' lang='lat' dir='ltr'><strong>quod</strong></span> <span class='ocrx_word' id='word_1_332' title='bbox 2223 3517 2280 3573; x_wconf 90' lang='lat' dir='ltr'><strong>in</strong></span> <span class='ocrx_word' id='word_1_333' title='bbox 2333 3517 2527 3593; x_wconf 83' lang='lat' dir='ltr'><strong>pleris-</strong></span> 
     </span>
     <span class='ocr_line' id='line_1_33' title="bbox 248 3614 2527 3694; baseline 0.002 -21"><span class='ocrx_word' id='word_1_334' title='bbox 248 3635 354 3690; x_wconf 92' lang='lat' dir='ltr'><strong>que</strong></span> <span class='ocrx_word' id='word_1_335' title='bbox 396 3615 628 3689; x_wconf 86' lang='lat' dir='ltr'><strong>legitur,</strong></span> <span class='ocrx_word' id='word_1_336' title='bbox 686 3614 887 3672; x_wconf 80' lang='lat' dir='ltr'><strong>factum</strong></span> <span class='ocrx_word' id='word_1_337' title='bbox 932 3624 1095 3672; x_wconf 90' lang='lat' dir='ltr'><strong>esset.</strong></span> <span class='ocrx_word' id='word_1_338' title='bbox 1179 3618 1247 3672; x_wconf 90' lang='lat' dir='ltr'><strong>At</strong></span> <span class='ocrx_word' id='word_1_339' title='bbox 1283 3617 1517 3692; x_wconf 86' lang='lat' dir='ltr'><strong>primum</strong></span> <span class='ocrx_word' id='word_1_340' title='bbox 1563 3619 1758 3674; x_wconf 86' lang='lat' dir='ltr'><strong>mirum</strong></span> <span class='ocrx_word' id='word_1_341' title='bbox 1802 3617 2054 3694; x_wconf 82' lang='lat' dir='ltr'><strong>prolecto</strong></span> <span class='ocrx_word' id='word_1_342' title='bbox 2093 3627 2204 3682; x_wconf 90' lang='lat' dir='ltr'><strong>est,</strong></span> <span class='ocrx_word' id='word_1_343' title='bbox 2265 3620 2310 3676; x_wconf 90' lang='lat' dir='ltr'><strong>si</strong></span> <span class='ocrx_word' id='word_1_344' title='bbox 2355 3621 2527 3678; x_wconf 87' lang='lat' dir='ltr'><strong>Sallu-</strong></span> 
     </span>
     <span class='ocr_line' id='line_1_34' title="bbox 247 3717 2526 3795; baseline 0.003 -22"><span class='ocrx_word' id='word_1_345' title='bbox 247 3718 405 3781; x_wconf 87' lang='lat' dir='ltr'><strong>stius,</strong></span> <span class='ocrx_word' id='word_1_346' title='bbox 456 3717 550 3791; x_wconf 90' lang='lat' dir='ltr'><strong>qui</strong></span> <span class='ocrx_word' id='word_1_347' title='bbox 590 3717 707 3792; x_wconf 88' lang='lat' dir='ltr'><strong>ipse</strong></span> <span class='ocrx_word' id='word_1_348' title='bbox 748 3734 851 3792; x_wconf 88' lang='lat' dir='ltr'><strong>pro</strong></span> <span class='ocrx_word' id='word_1_349' title='bbox 900 3726 1155 3792; x_wconf 86' lang='lat' dir='ltr'><strong>praetore</strong></span> <span class='ocrx_word' id='word_1_350' title='bbox 1193 3718 1428 3776; x_wconf 80' lang='lat' dir='ltr'><strong>Africam</strong></span> <span class='ocrx_word' id='word_1_351' title='bbox 1470 3720 1540 3776; x_wconf 94' lang='lat' dir='ltr'><strong>ob</strong></span> <span class='ocrx_word' id='word_1_352' title='bbox 1573 3720 1582 3730; x_wconf 87' lang='lat'><strong><em>&#39;</em></strong></span> <span class='ocrx_word' id='word_1_353' title='bbox 1663 3721 1795 3783; x_wconf 89' lang='lat' dir='ltr'><strong>erit,</strong></span> <span class='ocrx_word' id='word_1_354' title='bbox 1853 3737 1974 3777; x_wconf 90' lang='lat' dir='ltr'><strong>cum</strong></span> <span class='ocrx_word' id='word_1_355' title='bbox 2037 3729 2148 3778; x_wconf 89' lang='lat' dir='ltr'><strong>tres</strong></span> <span class='ocrx_word' id='word_1_356' title='bbox 2183 3729 2347 3795; x_wconf 86' lang='lat' dir='ltr'><strong>atque</strong></span> <span class='ocrx_word' id='word_1_357' title='bbox 2391 3724 2526 3780; x_wconf 87' lang='lat' dir='ltr'><strong>adeo</strong></span> 
     </span>
     <span class='ocr_line' id='line_1_35' title="bbox 247 3728 2550 3898; baseline 0.003 -23"><span class='ocrx_word' id='word_1_358' title='bbox 247 3826 514 3894; x_wconf 86' lang='lat' dir='ltr'><strong>quattuor</strong></span> <span class='ocrx_word' id='word_1_359' title='bbox 552 3826 735 3875; x_wconf 88' lang='lat' dir='ltr'><strong>essent</strong></span> <span class='ocrx_word' id='word_1_360' title='bbox 777 3818 885 3875; x_wconf 88' lang='lat' dir='ltr'><strong>loci</strong></span> <span class='ocrx_word' id='word_1_361' title='bbox 929 3819 1146 3875; x_wconf 87' lang='lat' dir='ltr'><strong>nomine</strong></span> <span class='ocrx_word' id='word_1_362' title='bbox 1194 3821 1397 3878; x_wconf 87' lang='lat' dir='ltr'><strong>Tuccae</strong></span> <span class='ocrx_word' id='word_1_363' title='bbox 1446 3728 1766 3894; x_wconf 47' lang='lat' dir='ltr'><strong>(viness</strong></span> <span class='ocrx_word' id='word_1_364' title='bbox 1801 3822 2031 3898; x_wconf 86' lang='lat' dir='ltr'><strong>Interpr.</strong></span> <span class='ocrx_word' id='word_1_365' title='bbox 2069 3824 2244 3880; x_wconf 88' lang='lat' dir='ltr'><strong>Germ.</strong></span> <span class='ocrx_word' id='word_1_366' title='bbox 2284 3843 2338 3898; x_wconf 81' lang='lat' dir='ltr'><strong>p.</strong></span> <span class='ocrx_word' id='word_1_367' title='bbox 2387 3824 2550 3898; x_wconf 62' lang='lat'><strong>186),‘</strong></span> 
     </span>
     <span class='ocr_line' id='line_1_36' title="bbox 246 3919 2526 3998; baseline 0.003 -22"><span class='ocrx_word' id='word_1_368' title='bbox 246 3939 383 3996; x_wconf 88' lang='lat' dir='ltr'><strong>ergo</strong></span> <span class='ocrx_word' id='word_1_369' title='bbox 430 3937 615 3976; x_wconf 86' lang='lat' dir='ltr'><strong>errare</strong></span> <span class='ocrx_word' id='word_1_370' title='bbox 657 3919 921 3978; x_wconf 89' lang='lat' dir='ltr'><strong>lectorem</strong></span> <span class='ocrx_word' id='word_1_371' title='bbox 962 3938 1071 3977; x_wconf 90' lang='lat' dir='ltr'><strong>non</strong></span> <span class='ocrx_word' id='word_1_372' title='bbox 1116 3923 1277 3980; x_wconf 89' lang='lat' dir='ltr'><strong>modo</strong></span> <span class='ocrx_word' id='word_1_373' title='bbox 1323 3921 1480 3979; x_wconf 81' lang='lat' dir='ltr'><strong>facile</strong></span> <span class='ocrx_word' id='word_1_374' title='bbox 1508 3932 1597 3980; x_wconf 89' lang='lat' dir='ltr'><strong>set</strong></span> <span class='ocrx_word' id='word_1_375' title='bbox 1633 3926 2000 3982; x_wconf 87' lang='lat' dir='ltr'><strong>necessarium</strong></span> <span class='ocrx_word' id='word_1_376' title='bbox 2030 3933 2191 3987; x_wconf 91' lang='lat' dir='ltr'><strong>esset,</strong></span> <span class='ocrx_word' id='word_1_377' title='bbox 2240 3942 2400 3998; x_wconf 87' lang='lat' dir='ltr'><strong>quem</strong></span> <span class='ocrx_word' id='word_1_378' title='bbox 2444 3924 2526 3983; x_wconf 92' lang='lat' dir='ltr'><strong>lo-</strong></span> 
     </span>
     <span class='ocr_line' id='line_1_37' title="bbox 246 4022 2528 4086; baseline 0.002 -7"><span class='ocrx_word' id='word_1_379' title='bbox 246 4038 369 4079; x_wconf 87' lang='lat' dir='ltr'><strong>cum</strong></span> <span class='ocrx_word' id='word_1_380' title='bbox 412 4022 647 4086; x_wconf 81' lang='lat' dir='ltr'><strong>diceret,</strong></span> <span class='ocrx_word' id='word_1_381' title='bbox 688 4023 999 4080; x_wconf 87' lang='lat' dir='ltr'><strong>adcuratius</strong></span> <span class='ocrx_word' id='word_1_382' title='bbox 1044 4025 1333 4081; x_wconf 88' lang='lat' dir='ltr'><strong>ostendere</strong></span> <span class='ocrx_word' id='word_1_383' title='bbox 1374 4023 1631 4080; x_wconf 87' lang='lat' dir='ltr'><strong>noluerit.</strong></span> <span class='ocrx_word' id='word_1_384' title='bbox 1723 4027 1858 4083; x_wconf 86' lang='lat' dir='ltr'><strong>Tum</strong></span> <span class='ocrx_word' id='word_1_385' title='bbox 1894 4044 2022 4082; x_wconf 90' lang='lat' dir='ltr'><strong>num</strong></span> <span class='ocrx_word' id='word_1_386' title='bbox 2079 4026 2394 4084; x_wconf 86' lang='lat' dir='ltr'><strong>incredibile</strong></span> <span class='ocrx_word' id='word_1_387' title='bbox 2443 4034 2528 4086; x_wconf 89' lang='lat' dir='ltr'><strong>est</strong></span> 
     </span>
     <span class='ocr_line' id='line_1_38' title="bbox 246 4123 2528 4192; baseline 0.004 -14"><span class='ocrx_word' id='word_1_388' title='bbox 246 4124 471 4180; x_wconf 84' lang='lat' dir='ltr'><strong>Marium</strong></span> <span class='ocrx_word' id='word_1_389' title='bbox 514 4123 741 4181; x_wconf 87' lang='lat' dir='ltr'><strong>hiberna</strong></span> <span class='ocrx_word' id='word_1_390' title='bbox 783 4125 849 4181; x_wconf 87' lang='lat' dir='ltr'><strong>ad</strong></span> <span class='ocrx_word' id='word_1_391' title='bbox 886 4125 1089 4182; x_wconf 87' lang='lat' dir='ltr'><strong>Uticam</strong></span> <span class='ocrx_word' id='word_1_392' title='bbox 1136 4125 1427 4182; x_wconf 81' lang='lat' dir='ltr'><strong>habuisse?</strong></span> <span class='ocrx_word' id='word_1_393' title='bbox 1508 4125 1827 4183; x_wconf 83' lang='lat' dir='ltr'><strong>Clamabunt</strong></span> <span class='ocrx_word' id='word_1_394' title='bbox 1861 4135 2034 4192; x_wconf 88' lang='lat' dir='ltr'><strong>certe,</strong></span> <span class='ocrx_word' id='word_1_395' title='bbox 2079 4146 2148 4185; x_wconf 82' lang='lat' dir='ltr'><strong>ex</strong></span> <span class='ocrx_word' id='word_1_396' title='bbox 2195 4135 2322 4192; x_wconf 86' lang='lat'><strong>102,</strong></span> <span class='ocrx_word' id='word_1_397' title='bbox 2373 4138 2396 4188; x_wconf 82' lang='grc'><strong>1</strong></span> <span class='ocrx_word' id='word_1_398' title='bbox 2437 4131 2528 4186; x_wconf 91' lang='lat' dir='ltr'><strong>ad·-</strong></span> 
     </span>
     <span class='ocr_line' id='line_1_39' title="bbox 248 4226 2529 4300; baseline 0.004 -20"><span class='ocrx_word' id='word_1_399' title='bbox 248 4243 442 4300; x_wconf 88' lang='lat' dir='ltr'><strong>parere</strong></span> <span class='ocrx_word' id='word_1_400' title='bbox 501 4243 624 4282; x_wconf 90' lang='lat' dir='ltr'><strong>eum</strong></span> <span class='ocrx_word' id='word_1_401' title='bbox 678 4226 857 4282; x_wconf 84' lang='lat' dir='ltr'><strong>Cirtae</strong></span> <span class='ocrx_word' id='word_1_402' title='bbox 901 4228 1085 4284; x_wconf 88' lang='lat' dir='ltr'><strong>sedem</strong></span> <span class='ocrx_word' id='word_1_403' title='bbox 1138 4227 1469 4284; x_wconf 84' lang='lat' dir='ltr'><strong>conlocasse.</strong></span> <span class='ocrx_word' id='word_1_404' title='bbox 1563 4228 1769 4285; x_wconf 86' lang='lat' dir='ltr'><strong>Audio:</strong></span> <span class='ocrx_word' id='word_1_405' title='bbox 1813 4237 1900 4286; x_wconf 91' lang='lat' dir='ltr'><strong>set</strong></span> <span class='ocrx_word' id='word_1_406' title='bbox 1940 4230 2076 4286; x_wconf 89' lang='lat' dir='ltr'><strong>nihil</strong></span> <span class='ocrx_word' id='word_1_407' title='bbox 2110 4229 2256 4288; x_wconf 88' lang='lat' dir='ltr'><strong>aliud</strong></span> <span class='ocrx_word' id='word_1_408' title='bbox 2296 4231 2371 4286; x_wconf 88' lang='lat' dir='ltr'><strong>ibi</strong></span> <span class='ocrx_word' id='word_1_409' title='bbox 2413 4230 2529 4290; x_wconf 90' lang='lat' dir='ltr'><strong>Sal-</strong></span> 
     </span>
     <span class='ocr_line' id='line_1_40' title="bbox 248 4325 2528 4412; baseline 0.006 -32"><span class='ocrx_word' id='word_1_410' title='bbox 248 4325 445 4384; x_wconf 86' lang='lat' dir='ltr'><strong>lustius</strong></span> <span class='ocrx_word' id='word_1_411' title='bbox 492 4327 625 4385; x_wconf 88' lang='lat' dir='ltr'><strong>dicit</strong></span> <span class='ocrx_word' id='word_1_412' title='bbox 664 4327 772 4385; x_wconf 87' lang='lat' dir='ltr'><strong>nisi</strong></span> <span class='ocrx_word' id='word_1_413' title='bbox 814 4345 953 4393; x_wconf 86' lang='lat' dir='ltr'><strong>eum,</strong></span> <span class='ocrx_word' id='word_1_414' title='bbox 998 4348 1120 4386; x_wconf 90' lang='lat' dir='ltr'><strong>cum</strong></span> <span class='ocrx_word' id='word_1_415' title='bbox 1164 4329 1459 4388; x_wconf 83' lang='lat' dir='ltr'><strong>exercitum</strong></span> <span class='ocrx_word' id='word_1_416' title='bbox 1486 4328 1543 4386; x_wconf 89' lang='lat' dir='ltr'><strong>in</strong></span> <span class='ocrx_word' id='word_1_417' title='bbox 1582 4331 1808 4388; x_wconf 86' lang='lat' dir='ltr'><strong>hiberna</strong></span> <span class='ocrx_word' id='word_1_418' title='bbox 1851 4332 2045 4389; x_wconf 89' lang='lat' dir='ltr'><strong>ducere</strong></span> <span class='ocrx_word' id='word_1_419' title='bbox 2071 4333 2250 4410; x_wconf 87' lang='lat' dir='ltr'><strong>vellet,</strong></span> <span class='ocrx_word' id='word_1_420' title='bbox 2293 4334 2528 4412; x_wconf 88' lang='lat' dir='ltr'><strong>primum</strong></span> 
     </span>
    </p>
   </div>
   <div class='ocr_carea' id='block_1_3' title="bbox 3016 583 3019 2236">
    <p class='ocr_par' dir='ltr' id='par_1_3' title="bbox 3016 583 3019 2236">
     <span class='ocr_line' id='line_1_41' title="bbox 3016 583 3019 2236; baseline 0 0"><span class='ocrx_word' id='word_1_421' title='bbox 3016 583 3019 2236; x_wconf 95' lang='lat' dir='ltr'><strong> </strong></span> 
     </span>
    </p>
   </div>
  </div>
 </body>
</html>
