3042 4917
2413 212 2440 224 μ’

530 205 615 274 84
1202 233 1814 282 sonnatium-ronan
1857 238 1998 282 cAP.
2042 199 2130 284 rr.

534 409 651 448 sum
696 407 817 446 esse
861 389 1017 446 facile
1058 390 1405 466 perspicitur.
1491 391 1622 448 Nam
1651 393 1888 468 primum
1926 395 2072 468 quod
2098 389 2164 452 P¹
2217 411 2296 452 ex
2331 399 2514 454 servis
2545 415 2841 473 superscr.

532 496 621 550 vel
660 507 739 548 ex
774 491 1065 566 per-suffia,
1104 486 1169 565 g²
1214 508 1293 548 eoe
1334 496 1576 557 scurris,
1622 494 1658 549 h
1701 511 1780 551 ex
1821 499 2006 552 servis
2039 495 2344 570 perfugis,
2401 498 2496 554 alii
2541 501 2708 574 pauci
2753 517 2844 556 ex

528 595 807 667 profuyis
844 593 1116 657 exhibent,
1166 611 1228 650 ea
1276 611 1335 651 re
1372 596 1440 651 ad
1487 595 1632 652 illam
1677 596 2044 671 suspicionem
2089 597 2418 662 adducimur,
2464 608 2528 656 ut
2562 599 2842 657 librarios

532 697 901 754 narrationem
958 695 1225 771 explendo
1293 696 1465 769 magis
1531 698 1874 772 perspicuam
1941 698 2167 756 reddere
2227 687 2464 758 voluisse
2515 703 2839 759 credamus,

532 800 729 856 Deinde
776 798 869 873 qui
916 798 1130 854 tandem
1165 797 1247 853 illi
1290 797 1555 872 perfugae
1601 799 1844 854 fuerint?
1923 799 2224 873 Dignumne
2265 802 2369 857 suit
2401 802 2660 876 diligenti
2693 804 2841 860 scri-

532 911 693 976 ptore
736 918 919 957 rerum
963 900 1221 973 perfugas
1276 898 1548 955 Romanos
1601 916 2038 964 conmemorare,
2098 919 2221 958 cum
2275 912 2434 960 antea
2486 905 2840 979 praesidium

506 1009 723 1059 'eorum
767 1018 949 1059 secum
998 1001 1249 1058 habuisse
1291 1000 1611 1057 Nabdalsam
1655 1019 1766 1057 non
1805 1001 2198 1074 significasset?
2273 1007 2406 1062 Tum
2447 1007 2494 1061 si
2523 1023 2606 1062 ear:
2636 1009 2840 1062 servis

533 1123 658 1162 vera
703 1104 807 1160 suit
852 1104 1140 1178 scriptura,
1186 1120 1295 1177 quo
1332 1103 1549 1158 tandem
1593 1103 1754 1158 modo
1798 1103 1852 1158 id
1896 1103 1951 1159 in
1977 1104 2250 1178 perfuqis
2278 1107 2562 1184 conrumpi
2594 1108 2833 1181 potuit?

534 1207 775 1281 Denique
822 1206 949 1281 quid
980 1221 1069 1261 res
1112 1203 1397 1280 postulat?
1464 1203 1652 1260 Nonne
1693 1205 1870 1261 omnia
1895 1205 2212 1262 Nabdalsam
2239 1208 2614 1264 coniectando
2641 1209 2838 1282 suspi-

532 1310 643 1366 cari
683 1307 931 1388 potuisse
964 1307 1327 1372 manufestum
1371 1307 1491 1362 est?
1571 1305 1701 1373 Quis
1741 1307 2019 1363 introierit
2055 1307 2478 1372 tabernaculum,
2515 1311 2765 1366 fortasse
2803 1329 2836 1366 a

533 1411 871 1485 praesidibus
914 1409 1001 1465 vel
1040 1409 1211 1464 servis
1252 1414 1608 1483 percontatus
1645 1415 1759 1471 est,
1809 1416 1903 1464 aut
1945 1410 2294 1482 negotiorum
2341 1429 2565 1469 suorum
2601 1419 2836 1468 curato-

534 1529 649 1568 rem
692 1511 874 1568 subito
912 1509 1229 1566 discessisse
1272 1509 1340 1564 ab
1382 1511 1477 1572 eis,
1525 1509 1618 1584 qui
1663 1510 1717 1565 in
1748 1509 1939 1566 vicinia
1971 1519 2142 1574 erant,
2188 1513 2456 1586 conperit,
2497 1520 2585 1568 set
2615 1512 2835 1569 relicua

536 1612 716 1670 omnia
751 1613 858 1668 nisi
888 1611 1201 1668 coniectura
1240 1611 1462 1684 adsequi
1497 1627 1608 1667 non
1637 1611 1852 1685 potuit:
1886 1629 2053 1686 quare
2089 1612 2438 1686 requirimus,
2473 1614 2630 1688 quods
2651 1614 2834 1687 signi-

534 1715 689 1772 ficet:
714 1701 857 1770 'eum
893 1713 1237 1788 perspexisse
1294 1713 1439 1786 quod
1496 1712 1697 1768 factum
1741 1720 1858 1768 erat
1913 1713 2016 1776 ita,
2060 1721 2123 1770 ut
2167 1733 2294 1770 vere
2336 1717 2536 1772 sactum
2579 1723 2720 1779 erat,
2763 1724 2832 1772 ut

533 1817 699 1873 verbo
744 1816 1003 1888 coqnovit
1043 1813 1181 1870 nihil
1214 1814 1515 1870 addendum
1557 1813 1728 1870 fuisse
1774 1816 2047 1889 adpareat.
2133 1816 2387 1874 Ceterum
2423 1817 2537 1872 veri
2569 1834 2686 1872 non
2713 1818 2832 1873 dis-

534 1919 709 1976 simile
754 1925 839 1974 est
881 1934 961 1973 ex
997 1915 1289 1988 perfuyiS,
1347 1934 1469 1972 cum
1526 1921 1624 1979 73,
1668 1925 1697 1975 1
1745 1917 2010 1991 scriptum
2053 1925 2198 1974 esset
2237 1919 2294 1974 in
2338 1919 2538 1993 pagina
2571 1920 2828 1982 advorsa,

438 2062 446 2070 -
533 2023 769 2078 fortasse
808 2021 873 2076 ad
910 2019 1209 2092 marginem
1252 2016 1588 2091 subpletum,
1647 2017 1714 2074 ab
1770 2017 2011 2074 librariis
2057 2019 2123 2075 ad
2151 2019 2308 2089 ‚hunc
2343 2028 2597 2078 nostrum
2639 2020 2830 2078 locum

528 2124 851 2180 translatum
887 2136 1024 2178 esse.

699 2276 813 2348 Ing.
864 2279 959 2336 72,
1007 2280 1040 2331 2
1093 2273 1231 2329 c'ivis
1273 2273 1561 2344 hostisque
1611 2274 1782 2335 iuxta
1829 2279 2081 2329 metuere
2125 2274 2402 2332 Linkerus
2459 2291 2566 2346 que
2620 2274 2824 2331 iniuria

530 2377 747 2432 videtur
791 2381 1104 2448 suspectum
1148 2373 1418 2430 hahuisse.
1486 2374 1672 2448 Neque
1719 2374 1862 2430 enim
1913 2375 2059 2448 quod
2103 2375 2370 2450 particula
2414 2384 2636 2450 praeter
2659 2377 2834 2457 Com-⁶

532 2477 879 2534 melinianum
928 2475 983 2532 in
1040 2473 1226 2544 tribus,
1272 2476 1457 2548 eisque
1504 2492 1618 2530 non
1679 2483 1930 2550 optumae
1978 2483 2140 2532 notae
2185 2476 2340 2533 libris
2383 2495 2544 2533 manu
2591 2479 2819 2552 scriptis

534 2579 734 2634 omissa
778 2585 878 2639 est,
923 2577 1056 2633 satis
1102 2577 1353 2632 idoneum
1398 2584 1483 2633 est
1529 2578 1593 2633 ad
1637 2595 1754 2633 eam
1798 2577 2151 2634 damnandam
2193 2587 2590 2652 argumentum,
2637 2597 2818 2653 neque

532 2679 650 2753 ipsa
690 2679 755 2734 ah
799 2678 1191 2734 consuetudine
1232 2676 1357 2733 Sall.
1398 2676 1574 2734 aliena
1613 2676 1732 2750 (cfr.
1777 2679 1889 2752 Cat.
1933 2685 1982 2741 2,
2026 2685 2076 2740 8.
2123 2687 2206 2744 61,
2253 2687 2302 2740 6.
2340 2681 2453 2753 Ing.
2495 2685 2578 2743 67,
2626 2687 2675 2738 2.
2725 2688 2815 2744 85,

531 2786 617 2842 47.
663 2787 750 2844 88,
802 2779 869 2853 1),
915 2797 1090 2853 neque
1133 2779 1365 2855 denique
1416 2797 1477 2836 ea
1526 2780 1706 2837 addita
1751 2781 1912 2836 huius
1955 2779 2060 2836 loci
2093 2787 2290 2840 natura
2331 2781 2553 2837 vitiatur
2584 2775 2645 2854 ¹).
2746 2785 2817 2838 At

531 2881 695 2957 paulo
740 2891 870 2958 post
914 2864 1314 2953 experrectu&
1362 2882 1620 2956 quoniam
1661 2881 1896 2938 Diomed.
1941 2900 1994 2956 p.
2041 2889 2144 2942 376
2184 2881 2246 2938 K.
2294 2883 2364 2939 ob
2401 2882 2454 2938 id
2500 2881 2678 2956 ipsum
2724 2902 2817 2940 vo-

530 2984 779 3042 cabulum
824 2985 967 3040 hunc
1011 2982 1191 3040 locum
1236 2984 1675 3047 conmemoravit,
1713 2989 1816 3058 pro
1861 3000 1926 3040 eo
1959 2985 2104 3056 quod
2133 2982 2262 3039 libri
2301 2985 2558 3040 exhibent
2587 2987 2817 3042 excitus

529 3087 613 3143 vel
648 3090 937 3144 excitatus
979 3085 1287 3142 necessario
1334 3085 1757 3156 restituendum3
1815 3085 1960 3158 quod
2013 3092 2192 3140 autem
2235 3085 2291 3140 in
2332 3086 2373 3143 P
2419 3085 2684 3160 scriptum
2729 3095 2816 3144 est

528 3167 853 3258 exercitu-3,
906 3206 1017 3245 non
1071 3205 1136 3243 ex
1192 3189 1419 3243 eoecilus
1458 3203 1648 3242 errore
1687 3187 1886 3242 factum
1929 3186 2166 3249 videtur,
2225 3196 2309 3244 set
2356 3205 2477 3244 cum
2531 3187 2814 3264 archetypi

529 3290 800 3364 scriptura
833 3290 1120 3345 obscurata
1154 3281 1318 3350 esset,
1354 3288 1493 3344 male
1530 3289 1792 3363 scriptum
1823 3287 2176 3362 conruptelae
2205 3306 2450 3346 caussam
2476 3289 2812 3362 praebuisse.

699 3391 867 3458 Quam
912 3391 1140 3446 licenter
1185 3389 1408 3444 Sallusti
1460 3391 1638 3445 oratio
1689 3389 2036 3462 glossematis
2090 3399 2358 3466 conrupta
2409 3393 2510 3458 sit,
2564 3393 2812 3450 testimo—

529 3493 621 3547 nio
661 3499 745 3546 est
784 3491 937 3547 locus
987 3491 1101 3562 lug.
1148 3496 1234 3553 76,
1279 3499 1328 3551 3.
1415 3490 1655 3547 Primum
1701 3491 1843 3546 enim
1890 3491 2015 3546 libri
2061 3510 2221 3548 manu
2245 3493 2435 3566 scripti
2478 3493 2563 3550 vel
2609 3497 2810 3551 deinde

525 3595 679 3649 iubet
720 3595 892 3661 locis,
948 3591 1031 3648 vel
1076 3594 1279 3648 deinde
1324 3593 1543 3648 duobus
1587 3595 1753 3662 locis,
1813 3592 1896 3648 vel
1957 3595 2161 3649 deinde
2213 3595 2366 3650 iubet
2405 3597 2628 3652 duobus
2676 3597 2811 3651 locis

527 3694 799 3751 exhibent.
882 3695 954 3750 At
995 3695 1147 3750 iubet
1190 3694 1322 3750 ferri
1368 3711 1475 3749 non
1521 3702 1735 3768 potest,
1775 3711 1886 3749 non
1934 3711 2042 3767 quo
2087 3693 2381 3752 infinitivus
2421 3695 2577 3752 activi
2623 3696 2808 3753 advor-

528 3815 621 3854 sus
667 3814 825 3852 usum
870 3796 1082 3853 dicendi
1120 3793 1331 3870 pu‘gnet
1372 3795 1506 3869 (vid.
1557 3812 1694 3868 quos
1752 3795 1808 3850 in
1861 3795 2049 3870 priore
2107 3796 2346 3852 editione
2398 3795 2670 3870 laudavi),
2725 3806 2807 3853 set

528 3899 653 3974 quia
700 3898 873 3955 omnis
914 3898 1020 3954 loci
1066 3905 1258 3953 natura
1303 3906 1365 3954 ut
1402 3899 1467 3956 de
1512 3897 1677 3952 rebus
1721 3897 1879 3952 factis
1921 3914 2031 3952 non
2077 3897 2240 3953 iussis
2292 3898 2504 3954 dicatur
2543 3898 2804 3972 postulat.

523 4000 661 4058 Illud
699 3999 915 4076 quidem
958 4000 1194 4056 dubitari
1234 4007 1449 4073 potest,
1491 4005 1675 4053 utrum
1721 4000 1874 4054 iubet·
1909 3998 1975 4054 ab
2019 3997 2256 4054 librariis
2297 3999 2593 4055 infinitivus
2641 4000 2806 4056 histo·-

596 4181 653 4248 1)
702 4183 805 4244 Que
852 4185 911 4232 in
956 4183 1233 4248 plerisque
1280 4181 1447 4259 libris.
1489 4181 1640 4230 adie-
1696 4197 1818 4230 cum
1853 4181 2130 4231 nonnullis
2169 4181 2296 4232 aliis
2334 4181 2618 4232 codicibus
2655 4183 2804 4234 omit·

524 4273 673 4320 ctum
720 4273 805 4318 est
848 4268 939 4332 75,
990 4269 1052 4332 4,
1098 4268 1196 4317 ubi
1244 4281 1365 4316 cum
1400 4267 1445 4316 P
1483 4272 1540 4316 et
1573 4264 1638 4316 P¹
1695 4271 1833 4330 tant,
1873 4282 1982 4317 non
2019 4267 2272 4317 dubitavi
2307 4267 2578 4318 omittere.
