3042 4917
529 278 612 347 32
1197 298 1806 389 conunurar1ouugt
1858 299 2003 345 ear.
2044 300 2143 346 111.

527 458 615 515 die
655 457 873 515 comitia
914 454 1274 519 haberentur,
1319 464 1382 513 ut
1423 457 1491 513 de
1531 456 1613 513 eis
1654 456 1817 515 rebus
1856 458 1912 515 in
1956 464 2149 515 senatu
2192 458 2279 533 agi
2324 468 2515 535 posset
2548 458 2677 533 (Cic.
2724 478 2807 536 pr.

527 560 662 617 Mur.
703 566 794 623 25,
837 558 946 632 21).
1033 557 1110 615 Eo
1151 560 1256 616 iam
1299 560 1413 622 die,
1466 576 1512 615 a.
1560 560 1613 614 d.
1653 560 1742 616 ΧΠ
1784 558 1899 616 Kal.
1943 561 2073 617 Nov.
2130 562 2266 635 (Cic.
2304 563 2359 619 in
2400 562 2512 618 Cat.
2558 564 2578 617 1
2618 571 2682 625 3,
2731 564 2806 638 7),
2848 574 2861 589 ’

525 680 648 719 cum
691 660 918 718 Catilina
959 660 1014 717 in
1057 669 1250 717 senatu
1295 661 1536 725 adesset,
1592 662 1779 719 Cicero
1824 662 2003 737 palam
2047 680 2185 737 quae
2222 673 2617 739 conperuerat,
2658 682 2709 720 a.
2756 666 2808 721 d.

526 764 592 819 VI
635 761 750 818 Kal.
799 762 928 818 Nov.
973 761 1032 817 G.
1087 761 1340 819 Manlium
1401 763 1456 817 in
1515 763 1679 818 armis
1724 764 1987 829 futurum,
2044 764 2221 839 ipsum
2266 765 2550 821 Catilinam
2590 767 2811 823 caedem

529 865 890 942 optumatium
922 864 977 919 in
1022 881 1069 919 a.
1115 864 1166 919 d.
1213 864 1300 919 Vll
1343 862 1459 919 Kal.
1503 864 1634 935 Nov.
1678 865 1990 930 distulisse,
2036 866 2365 930 enuntiavit,
2414 866 2677 941 illumque
2721 886 2810 923 ex-

526 969 752 1024 citatum
786 966 853 1022 de
895 966 975 1021 eis
1017 963 1180 1023 rebus
1195 968 1218 1027 ,”
1262 982 1400 1039 quae
1439 966 1506 1022 ab
1544 985 1603 1023 se
1649 968 1857 1025 adlatae
1900 976 2115 1032 essent,
2174 970 2221 1025 si
2266 969 2396 1043 quid
2440 968 2604 1025 vellet
2650 970 2812 1025 iussit

527 1070 707 1127 dicere
751 1068 876 1141 (Cic.
919 1084 1004 1143 pr.
1043 1068 1176 1123 Mur.
1223 1074 1309 1130 25,
1355 1067 1461 1141 51).
1536 1070 1615 1124 Ad
1662 1070 1807 1144 quod
1852 1087 1974 1127 cum
2012 1070 2103 1128 ille
2149 1070 2409 1129 ferociter
2448 1080 2611 1146 atque
2650 1072 2812 1128 auda-

527 1148 664 1229 cter⁰
685 1170 1084 1277 effundisset.
1146 1177 1392 1225 senatum
1443 1170 1746 1228 decrevisse
1802 1172 2046 1229 viderent
2104 1173 2361 1230 consules
2417 1190 2485 1230 ne
2534 1174 2663 1248 quid
2721 1190 2811 1229 res

527 1273 744 1350 publica
783 1272 1095 1329 detrimenti
1127 1280 1374 1347 caperet,
1425 1271 1700 1332 Ciceronis
1752 1274 2066 1331 testimonio
2102 1283 2348 1339 constat,
2396 1276 2489 1350 qui
2534 1276 2590 1331 in
2633 1276 2747 1331 Cat.
2792 1276 2812 1329 1

527 1384 590 1440 2,
642 1384 677 1435 4
727 1394 784 1432 se
835 1376 952 1449 ipse
1001 1382 1242 1435 accusat,
1296 1374 1442 1447 quod
1469 1383 1474 1389 '
1506 1374 1611 1429 iam
1664 1375 1973 1433 vicesimum
2029 1376 2171 1433 diem
2220 1377 2513 1434 hebescere
2568 1377 2813 1452 patiatur

529 1480 696 1536 aciem
738 1487 954 1553 patrum
998 1475 1357 1538 auctoritatis,
1405 1476 1605 1549 quibus
1648 1477 1826 1533 verbis
1858 1478 2034 1553 ipsum
2076 1478 2208 1535 illud
2237 1487 2457 1535 senatus
2498 1478 2813 1535 consultum

482 1626 500 1638 .
530 1580 824 1654 significari
882 1598 948 1634 ex
1002 1578 1081 1633 eis
1148 1594 1285 1651 quae
1347 1585 1472 1633 ante
1530 1588 1815 1635 cesserunt
1868 1581 2232 1637 manufestum
2284 1589 2385 1637 est.
2474 1580 2603 1636 Eius
2660 1581 2814 1637 testi-

529 1683 676 1739 moni
721 1682 876 1737 fidem
929 1698 994 1736 eo
1039 1696 1150 1736 non
1195 1680 1420 1761 infringi
1466 1680 1615 1754 quod
1660 1683 1856 1738 Ascon.
1904 1683 1957 1738 in
2003 1682 2107 1738 Cic.
2156 1699 2237 1739 or.
2282 1683 2388 1739 Pis.
2427 1702 2480 1758 p.
2530 1690 2565 1744 6
2602 1682 2689 1738 ed.
2720 1682 2812 1738 Or.

528 1803 656 1841 cum
703 1790 936 1841 octavus
979 1764 1244 1839 decimus
1273 1784 1394 1839 dies
1435 1790 1585 1838 esset
1628 1784 1875 1858 scripsit,
1928 1785 2021 1859 qui
2074 1784 2231 1841 latini
2286 1786 2554 1841 sermonis
2598 1784 2813 1859 peritus
2858 1830 2861 1833 .

528 1896 630 1951 est,
673 1885 974 1959 intelleget.
1061 1885 1166 1941 Nec
1209 1885 1381 1957 magis
1424 1891 1750 1958 repugnant,
1798 1904 1934 1960 quae
1978 1887 2082 1942 Cic.
2128 1905 2212 1962 pr.
2253 1887 2389 1944 Mur.
2430 1894 2515 1950 25,
2562 1896 2626 1947 51
2658 1887 2812 1949 dixit,
2886 1964 2895 1971 .

529 1997 776 2045 senatum
823 1988 1164 2061 frequentem
1200 1985 1579 2058 congemuisse
1618 2003 1796 2061 neque
1828 1995 2007 2044 tamen
2040 2006 2143 2064 pro
2189 1990 2267 2045 rei
2314 1989 2639 2062 indignitate
2678 1989 2812 2045 satis

527 2108 712 2147 severe
753 2089 1083 2152 decrevisse,
1141 2106 1264 2145 cum
1323 2103 1490 2161 quare
1539 2086 1617 2143 illi
1657 2088 1732 2144 ita
1778 2090 1947 2146 visum
1994 2098 2169 2153 esset,
2220 2090 2497 2147 enucleate
2542 2090 2722 2146 Drum.
2774 2090 2811 2145 V

527 2211 580 2266 p.
625 2200 730 2253 450
772 2190 1090 2248 ostenderit.
1177 2190 1283 2245 lam
1327 2189 1546 2245 comitia
1586 2190 1891 2247 consularia
1933 2210 1980 2247 a.
2022 2192 2074 2247 d.
2117 2192 2161 2247 V
2201 2191 2315 2248 Kal.
2358 2192 2486 2247 Nov.
2532 2191 2638 2265 (28.
2670 2191 2810 2264 Oct.)

525 2294 706 2350 habita
744 2310 865 2350 esse
913 2292 1036 2349 inde
1079 2278 1540 2348 luculentissume'
1570 2292 1793 2366 adparet
1844 2292 2044 2365 (Halm.
2089 2293 2125 2348 l.
2170 2311 2216 2350 c.
2259 2312 2313 2368 p.
2362 2293 2474 2367 ll).
2523 2292 2669 2367 quod
2703 2293 2808 2349 Cic.

529 2395 590 2451 in·
628 2395 738 2451 Cat.
786 2397 806 2450 1
849 2402 899 2458 3,
945 2401 976 2457 7
1013 2394 1232 2451 caedem
1283 2393 1338 2449 in
1389 2410 1510 2449 eum
1560 2394 1702 2449 diem
1760 2394 1827 2451 ab
1880 2396 2179 2452 coniuratis
2222 2395 2442 2452 dilatam
2484 2412 2605 2451 esse
2654 2394 2813 2450 adfir-

526 2506 637 2553 mat
681 2496 800 2569 (cfr.
844 2496 950 2553 Cic.
997 2497 1052 2551 in
1095 2496 1206 2552 Cat.
1243 2496 1264 2550 1
1309 2506 1358 2557 5.
1413 2504 1490 2555 ll.
1526 2514 1610 2570 pr.
1658 2496 1790 2552 Mur.
1838 2504 1923 2560 26,
1957 2504 2040 2558 52.
2086 2516 2170 2573 pr.
2214 2496 2348 2554 Sull.
2387 2503 2470 2559 18,
2503 2494 2609 2569 51).
2675 2497 2810 2552 Pau-

526 2600 604 2655 cis
647 2598 836 2654 diebus
879 2605 1008 2672 post
1055 2597 1268 2654 litteras
1313 2596 1380 2652 ab
1419 2596 1614 2652 Saenio
1659 2598 1714 2652 in
1757 2609 1950 2655 senatu
1988 2600 2241 2657 recitatas
2282 2616 2431 2662 esse,
2487 2615 2588 2653 nec
2632 2598 2811 2655 minus

527 2700 665 2756 alios
708 2701 772 2755 de
813 2708 983 2762 motu,
1029 2700 1122 2774 qui
1168 2708 1317 2756 extra
1358 2697 1549 2755 urbem
1591 2700 1765 2757 factus
1808 2710 1955 2758 esset
2008 2700 2103 2773 (Q.
2152 2701 2341 2757 Arrius
2383 2718 2468 2775 ap.
2514 2700 2657 2756 Plut.
2704 2701 2808 2755 Cic.

527 2820 573 2858 c.
618 2801 720 2875 16),
766 2800 1072 2865 rettulisse,
1130 2820 1192 2857 ac
1236 2809 1347 2857 tum
1391 2818 1451 2856 ea
1496 2802 1714 2858 decreta
1758 2820 1907 2865 esse,
1951 2821 2089 2877 quae
2133 2802 2261 2859 Sall.
2319 2821 2367 2858 c.
2429 2810 2498 2864 30
2552 2800 2810 2864 narravit,

525 2904 601 2961 ita
644 2921 709 2959 ex
744 2920 804 2959 re
849 2904 964 2978 ipsa
1005 2903 1212 2967 elucet,
1267 2912 1328 2960 ut
1375 2903 1507 2959 nihil
1552 2922 1780 2978 prorsus
1820 2906 2109 2961 dicundum
2170 2904 2431 2961 videatur.
2516 2904 2589 2959 De
2629 2904 2810 2965 rebus,

529 3024 666 3081 quae
705 3014 923 3082 secutae
963 3014 1107 3069 sunt,
1157 3013 1482 3062 conventum
1519 3004 1671 3061 illum
1713 3023 1881 3081 penes
1918 3007 1983 3062 Μ.
2027 3007 2277 3063 Porcium
2314 3008 2505 3063 Lecam
2542 3014 2707 3061 nocte
2743 3023 2813 3062 ea

526 3125 676 3182 quae
719 3116 916 3165 secuta
970 3116 1055 3165 est
1091 3110 1591 3180 posterum-diem
1646 3126 1931 3165 nonarum
1980 3110 2379 3166 Novembrium
2437 3109 2639 3165 factum
2694 3126 2813 3164 esse

527 3212 633 3269 Cic.
681 3220 916 3269 testatur
951 3229 1035 3285 pr.
1085 3210 1218 3267 Sull.
1266 3218 1348 3273 18,
1394 3217 1480 3270 52.
1568 3210 1721 3266 Mane
1758 3211 1928 3284 igitur
1966 3228 2013 3266 a.
2052 3208 2104 3267 d.
2149 3210 2236 3265 V11
2276 3210 2349 3266 ld.
2390 3211 2520 3266 Nov.
2558 3209 2816 3283 (7.'Nov.)

528 3314 587 3368 G.
633 3314 916 3371 Cornelius
963 3322 1018 3368 et
1058 3313 1116 3369 L.
1161 3312 1529 3386 Vargunteius
1572 3312 1885 3369 Ciceronem
1928 3312 2113 3368 domui
2161 3329 2290 3369 suae
2337 3313 2640 3388 inparatum
2685 3330 2816 3370 con-

530 3416 848 3472 fodiundum
897 3414 1101 3471 frustra
1155 3432 1445 3488 suscepere
1497 3423 1554 3470 et
1614 3423 1839 3490 postero
1898 3414 1985 3469 die
2029 3414 2217 3471 Cicero
2262 3432 2379 3471 eam
2415 3400 2719 3471 or’ationem
2763 3414 2815 3469 i‘n

529 3506 720 3574 senatu
765 3518 986 3577 habuit.
1032 3534 1137 3591 qua
1177 3515 1404 3593 Catilina
1466 3525 1529 3573 ut
1572 3516 1707 3573 urbe
1744 3518 1917 3573 exiret
1959 3525 2243 3590 permotus
2287 3523 2372 3573 est
2422 3515 2604 3589 (recte
2646 3516 2713 3572 de
2752 3535 2815 3572 ea

529 3637 589 3675 re
626 3620 921 3694 disputavit
957 3618 1126 3674 Halm.
1171 3617 1208 3672 l.
1252 3636 1299 3674 c.
1343 3636 1396 3692 p.
1443 3625 1510 3679 12
1555 3636 1607 3674 n.
1652 3619 1756 3692 55).

699 3722 775 3777 Ita
819 3738 908 3777 eas
952 3739 1039 3777 res
1084 3729 1230 3777 actas
1275 3737 1394 3777 esse
1436 3738 1560 3777 cum
1591 3721 1926 3777 certissumis
1959 3720 2304 3782 testimoniis,
2350 3736 2486 3794 quae
2534 3720 2679 3775 onmi
2718 3720 2817 3775 du-

528 3825 791 3883 bitatione
815 3823 1210 3898 exempta-sint,
1243 3831 1475 3885 constet,
1497 3822 1791 3881 Sallustius
1822 3841 1914 3881 eas
1946 3823 2021 3879 ita
2048 3821 2280 3880 confuso
2306 3822 2493 3878 ordine
2524 3822 2814 3884 enarravit,

529 3937 592 3986 ut
648 3946 759 3985 non
813 3926 1053 3987 erroris,
1113 3934 1198 3981 set
1253 3925 1633 4000 neglegentiae
1687 3928 1892 3983 crimen
1943 3926 2141 3981 merito
2198 3924 2369 3999 ipsius
2412 3925 2462 3979 ei
2513 3924 2815 3997 obprobrio

527 4032 643 4087 dari
688 4032 948 4089 videatur.
1036 4027 1154 4096 Quo
1199 4028 1405 4102 probro
1455 4048 1579 4085 eum
1624 4028 1855 4085 liberare
1886 4027 2151 4083 Linkerus
2194 4026 2305 4083 Em.
2353 4024 2481 4083 Sall.
2512 4043 2565 4099 p.
2602 4034 2815 4090 5—‚15

528 4134 736 4191 studuit
767 4134 840 4190 ita
873 4142 950 4196 ut,
987 4131 1223 4187 librariis
1259 4130 1404 4188 illam
1444 4132 1826 4188 confusionem
1858 4128 2199 4196 tribuendam
2233 4145 2478 4190 censens,
2525 4114 2813 4202 scriptoris

529 4237 688 4293 verba
735 4236 1162 4310 transposstione
1194 4234 1525 4291 emendanda
1566 4240 1803 4307 putaret.
1876 4230 2045 4299 Quam
2078 4230 2403 4287 sententiam
2434 4230 2471 4285 Ι.
2504 4229 2564 4283 G.
2598 4230 2813 4285 Ottema

527 4338 664 4413 disp.
719 4339 785 4395 de
840 4337 962 4394 loco
1007 4336 1248 4393 Sallustii
1305 4338 1360 4391 in
1415 4334 1558 4392 bello
1604 4334 1919 4391 Catilinario
1974 4353 2019 4390 c.
2078 4340 2325 4395 27-31
2372 4331 2813 4419 ‘transpositione
