3042 4917
541 281 626 347 90
1206 287 1809 351 conunn'ramonuu
1856 305 1997 350 oAP.
2045 307 2131 350 1v.

539 469 814 537 postrema
863 478 1091 537 prorsus
1147 463 1338 540 primis
1388 464 1771 540 respondeant.
1872 462 1951 520 Ad
2017 481 2155 537 qnae
2224 481 2345 522 cum
2367 487 2373 493 >⁴
2393 463 2617 523 adcedat
2670 466 2817 542 quod

537 565 696 638 pauci
739 565 1076 623 novissumae
1121 567 1350 641 originis
1405 573 1462 622 et
1514 566 1564 622 ei
1624 565 1943 640 interpolati
2002 565 2129 622 libri
2174 567 2267 623 illa
2309 566 2471 624 verba
2516 567 2621 625 soli
2668 569 2817 624 exhi-

537 665 671 722 bent
725 673 780 725 et
819 686 888 726 ne
931 685 1160 743 prorsus
1208 669 1423 742 quidem
1451 668 1599 726 inter
1632 686 1702 724 se·
1734 668 2101 731 consentiunt,
2147 686 2277 725 uum
2316 669 2812 732 dubiumvidetur,

535 785 600 824 ea
644 768 968 843 glossatoris
1009 771 1166 828 esse?
1255 773 1326 844 At
1369 788 1477 844 quo
1521 771 1684 826 modo
1727 770 1995 844 quispiam
2041 771 2232 829 adduci
2272 771 2471 846 potuit,
2518 779 2581 828 ut
2624 789 2689 828 ea
2722 772 2815 827 ad-

539 871 836 929 scriberet?
925 873 1166 936 Scilicct,
1223 890 1346 930 cum
1392 871 1754 929 intellexisset
1814 872 1881 928 de
1924 874 2003 930 eis
2044 889 2155 930 non
2197 873 2336 929 bene
2376 863 2643 930 consultis
2687 872 2813 937 dici,

539 989 676 1047 quae
721 992 1046 1049 prosperum
1090 981 1268 1032 tamen
1311 981 1563 1031 eventum
1608 973 1925 1031 habuissent
1942 1017 1986 1062 ,·
1999 985 2317 1050 memorque
2370 983 2517 1032 esset
2559 975 2703 1032 infra
2746 975 2813 1032 de

537 1075 846 1132 temeritate
883 1076 1206 1151 perfortem
1249 1083 1503 1134 courecta
1547 1076 1669 1139 dici,
1716 1077 1958 1133 lecturos
1998 1077 2065 1133 de
2107 1095 2171 1134 ea
2208 1094 2268 1133 re
2311 1077 2590 1134 admoneri
2619 1077 2811 1134 voluit.

569 1223 586 1266 5
631 1223 641 1234 .
695 1179 818 1252 ‘Iug.
861 1185 957 1242 92,
1001 1184 1034 1240 7
1078 1197 1190 1236 non
1234 1179 1432 1236 iniuria
1471 1179 1605 1234 mihi
1660 1177 1845 1234 videor
1896 1178 2057 1236 verba
2108 1184 2165 1236 et
2207 1181 2335 1236 aliis
2376 1180 2816 1237 machinationi-

535 1280 640 1336 bus
681 1282 835 1338 uncis
873 1281 1178 1338 seclusisse.
1271 1281 1404 1337 Nam
1448 1281 1683 1355 primum
1732 1298 1869 1354 quae
1920 1281 2137 1338 tandem
2191 1287 2412 1356 praeter
2451 1282 2661 1345 vineas,
2716 1300 2814 1356 ag-

536 1400 712 1456 geres,
761 1384 928 1440 turris
976 1383 1114 1440 aliae
1155 1385 1308 1440 fuere
1346 1383 1639 1445 machinae,
1686 1399 1822 1456 quae
1856 1383 1932 1458 ⁴ad
1977 1383 2189 1440 moenia
2233 1383 2342 1457 loci
2372 1383 2673 1457 obpugnati
2720 1385 2813 1441 ad-

452 1483 458 1488 ’
535 1487 918 1542 moverentur?
1015 1486 1150 1542 Tum
1213 1503 1342 1542 num
1395 1484 1653 1541 credibile
1710 1492 1794 1542 est
1850 1502 1913 1540 ex
1968 1487 2099 1542 aliis
2145 1503 2274 1542 casu
2323 1486 2556 1559 quodam
2609 1485 2811 1543 factum

535 1605 655 1644 esse
700 1589 769 1651 id,
818 1589 961 1662 quod
1007 1588 1063 1643 in
1107 1587 1505 1643 vetustissumis
1548 1567 1703 1642 liliris
1738 1586 2010 1644 inventum
2054 1595 2138 1644 est
2182 1589 2344 1644 altis?
2395 1605 2577 1644 nonne
2622 1589 2811 1662 potius

533 1689 649 1746 veri
693 1689 867 1746 simile
899 1688 1164 1763 quoniam'
1183 1707 1410 1764 aggeres
1446 1695 1502 1745 et
1542 1696 1723 1745 turres
1752 1688 1819 1744 ab
1844 1687 2015 1746 vineis
2046 1689 2477 1763 distinguuntur,
2508 1689 2809 1754 librarium,

537 1808 646 1866 quo
692 1792 745 1849 id
792 1799 1026 1856 notaret,
1069 1774 1204 1848 altis
1241 1792 1760 1848 machinationibus
1803 1790 2198 1865 adscripsisse?
2780 1771 2785 1774 ³

703 1894 902 1950 Contra
946 1893 1014 1950 ab
1057 1911 1143 1951 me
1183 1895 1458 1968 inpetrare
1503 1908 1615 1948 non
1651 1891 1824 1966 potui,
1871 1900 1933 1948 ut
1974 1893 2089 1966 lug.
2130 1898 2213 1956 94,
2252 1901 2283 1952 5
2309 1885 2490 1958 'verba
2533 1893 2813 1950 Romanis

533 1995 898 2069 hostibusque
935 2015 1056 2054 cum
1099 1996 1334 2053 Linkero
1375 1995 1607 2068 aliisque
1650 1995 1779 2050 viris
1823 1995 1998 2053 doctis
2022 2008 2147 2070 'pro
2192 1994 2521 2068 glossemate
2563 1995 2812 2053 habenda

533 2078 826 2163 censerem,
871 2117 983 2156 non
1029 2117 1137 2174 quo
1193 2100 1270 2156 eis
1314 2098 1488 2154 careri
1534 2115 1697 2172 posse
1747 2113 2017 2169 negarem,
2064 2104 2149 2153 set
2194 2097 2319 2170 quia
2362 2097 2409 2153 si
2452 2097 2813 2172 adiungeren-

534 2205 640 2264 tur,
688 2201 1129 2276 perspicuitatem
1173 2217 1374 2275 augere
1417 2199 1753 2260 videbantur,
1798 2198 2121 2272 praesertim
2164 2215 2286 2254 cum
2321 2198 2430 2266 his,
2474 2201 2587 2255 illis
2618 2217 2812 2274 seque-

533 2310 715 2366 retur,
771 2320 870 2360 nec
920 2305 1066 2377 quod
1122 2304 1178 2359 iu
1231 2299 1416 2377 paucis
1461 2301 1741 2358 Romanis
1796 2300 2053 2355 omnibus
2096 2300 2371 2356 inventum
2419 2307 2530 2365 est,
2590 2302 2657 2358 iu·
2692 2302 2812 2359 aliis

534 2419 645 2476 que
693 2405 972 2468 omissum,
1016 2405 1070 2460 in
1111 2421 1222 2460 uno
1269 2406 1525 2461 romanis
1567 2409 1625 2460 et
1665 2403 1917 2459 hostibus
1954 2400 2233 2476 scriptum,
2272 2401 2404 2458 satis
2445 2403 2511 2459 ad
2542 2405 2813 2479 suspicio-

533 2523 656 2564 nem
699 2505 1118 2564 confirmaudam
1160 2505 1337 2562 valere
1377 2503 1695 2561 arbitrabar.

701 2609 818 2665 Non
865 2607 1142 2666 dissimilis
1187 2607 1312 2663 huic
1354 2605 1477 2662 loco
1521 2613 1609 2662 est
1651 2604 1764 2678 lug.
1809 2607 1905 2666 97,
1948 2611 1981 2663 5
2024 2603 2116 2660 uhi
2163 2622 2349 2662 omnes
2392 2605 2518 2662 libri
2566 2637 2642 2646 —
2688 2625 2812 2663 nam

533 2711 760 2784 exiguae
809 2710 1204 2784 discrepantiae
1258 2708 1344 2762 vix
1391 2706 1874 2765 conmemorandae
1932 2713 2059 2762 sunt
2108 2737 2181 2746 —
2236 2707 2302 2762 ab
2364 2706 2624 2764 Sallustio
2680 2709 2815 2766 scri-

535 2821 689 2886 ptum
731 2819 1032 2869 testantur:
1078 2812 1320 2882 denique
1358 2809 1610 2866 Romani
1650 2813 1869 2865 veteres
1913 2809 2155 2880 novique
2208 2815 2264 2864 et
2322 2810 2387 2865 ob
2440 2825 2511 2866 ea
2566 2812 2816 2868 scientes

533 2915 688 2982 belli,
743 2916 798 2970 si
848 2930 990 2986 quos
1037 2915 1196 2972 locus
1259 2917 1360 2970 aut
1411 2927 1585 2969 casus
1641 2913 2057 2978 coniunxerat,
2104 2911 2257 2967 orbis
2293 2909 2493 2982 fecere
2532 2909 2687 2984 (haec
2726 2931 2815 2968 ve-

503 3017 980 3074 -tustissumornm
1035 3015 1301 3073 librorum
1355 3014 1627 3088 scriptura
1668 3029 1766 3069 cur
1818 3012 2091 3068 reiciunda
2136 3013 2209 3068 sit
2264 3027 2375 3068 non
2417 3012 2594 3084 video)
2641 3020 2825 3086 atque·

532 3121 615 3176 ita
659 3121 729 3176 ab
765 3120 1022 3177 omnibus
1059 3120 1328 3190 partibus
1369 3118 1542 3173 simul
1584 3117 1717 3172 tecti
1750 3119 1805 3170 et
1845 3115 2116 3170 instructi
2152 3113 2395 3170 hostium
2441 3117 2568 3177 uim,
2590 3124 2814 3174 susten-

531 3223 748 3280 tabant.
835 3221 895 3279 ln
942 3221 1138 3296 quibus
1183 3228 1401 3278 veteres
1445 3221 1687 3289 novique
1737 3222 1791 3272 et
1842 3216 1908 3272 ob
1965 3232 2035 3272 ea
2072 3219 2316 3272 scientes
2352 3217 2481 3272 belli
2522 3216 2660 3274 ferri
2702 3236 2815 3274 non

531 3342 700 3398 posse
742 3342 928 3380 omnes
985 3322 1103 3395 (cfr.
1151 3321 1375 3394 Selling.
1431 3307 1557 3376 lect.
1604 3337 1658 3394 p.
1706 3324 1773 3379 32
1818 3315 1933 3391 sq.)
1985 3324 2205 3392 praeter
2259 3317 2599 3375 Gerlachium
2656 3321 2817 3376 intel-

533 3425 730 3482 lexere.
841 3424 1014 3497 Igitur
1063 3424 1312 3499 plerique
1370 3429 1432 3478 ut
1480 3437 1586 3495 ego
1641 3421 1757 3494 ipse
1827 3417 1955 3475 olim
2009 3419 2218 3476 Kritzio
2271 3427 2495 3476 auctore
2549 3424 2813 3494 novique,

525 3526 738 3606 ‚quippe
782 3543 846 3582 ex
889 3531 976 3588 87,
1027 3533 1062 3586 3
1102 3526 1211 3582 huc
1245 3523 1581 3586 translatum,
1627 3522 1693 3578 ab
1725 3520 1963 3577 librariis
1998 3522 2263 3578 adiectum
2293 3529 2642 3590 censuerunt.
2722 3524 2817 3580 Set

533 3629 774 3703 quamvis
821 3627 1058 3684 librariis
1103 3625 1398 3683 multorum
1455 3632 1508 3681 et
1536 3622 1947 3680 'admirabilium
1988 3623 2244 3680 vitiorum
2284 3623 2441 3698 culpa
2490 3625 2690 3680 merito
2736 3626 2817 3681 in-

533 3738 786 3805 ponatur,
833 3739 1010 3786 tamen
1055 3746 1124 3785 ne
1166 3726 1324 3784 nimis
1363 3725 1569 3783 creduli
1616 3726 1798 3800 itaque
1841 3723 2027 3780 iniusti
2068 3723 2125 3779 in
2168 3741 2263 3781 eos
2307 3726 2476 3782 simus
2520 3727 2817 3784 cavendum

535 3838 635 3889 est.
713 3834 788 3890 Ac
833 3849 1049 3894 vereor,
1102 3848 1170 3887 ne
1213 3829 1292 3886 eis
1333 3845 1454 3886 cum
1512 3845 1607 3884 eos
1663 3806 1850 3882 locum‘
1896 3824 2288 3900 planissumam
2340 3827 2523 3884 addito
2572 3832 2817 3901 novique

533 3935 851 4010 conrupisse
908 3932 1310 3995 insimulemus,
1352 3937 1457 3986 aut·
1484 3929 1779 3984 firmiorem
1816 3944 2161 3990 memoriam,
2209 3928 2411 4003 quippe
2453 3929 2651 4002 quibus
2692 3948 2815 3986 cum

473 4008 481 4024 κ
535 4007 767 4095 veteres·
799 4036 1096 4110 legissent,
1153 4035 1334 4092 statim
1392 4031 1497 4088 loci
1551 4036 1648 4092 87,
1688 4037 1723 4090 3
1777 4030 1835 4084 iu
1880 4037 2116 4086 mentem
2152 4029 2388 4092 venerit,
2446 4037 2541 4085 aut
2589 4031 2815 4088 nimium

531 4139 774 4195 mutandi
816 4139 1090 4213 pruritum
1135 4137 1452 4193 tribuamus.
1548 4133 1678 4188 Nam
1726 4131 1772 4186 si
1814 4132 1881 4188 de
1922 4149 1981 4188 re
2027 4131 2337 4188 adcuratius
2392 4130 2815 4205 quaes1verimus

532 4247 717 4312 utrum
773 4241 884 4296 veri
932 4239 1162 4296 similius
1207 4238 1444 4300 videtur,
1502 4250 1705 4309 pancos
1751 4241 2063 4297 veteranos,
2103 4251 2261 4308 quos
2308 4235 2454 4290 sorte
2506 4251 2667 4290 casus
2726 4241 2817 4290 aut

533 4341 687 4403 locus
736 4341 1111 4400 coniunxisset
1161 4367 1234 4378 —
1277 4355 1398 4398 uam
1437 4353 1706 4395 uovorum
1738 4335 1974 4393 militum
2019 4335 2074 4392 in
2105 4335 2237 4394 Mari
2262 4334 2501 4394 exercitu
2530 4353 2817 4392 numerum
