3042 4917
546 313 581 373 8
1240 334 1850 378 coNMEN'rA'rIoNUM
1891 336 2033 377 CAP.
2082 338 2122 377 1.

607 494 657 548 6.
710 506 792 550 m,
838 488 1175 545 Monacensis
1212 491 1330 546 cod.
1368 489 1461 545 lat.
1511 496 1681 552 14777
1729 491 1867 564 (Rat.
1908 492 1966 547 G.
2005 492 2234 548 Emmer.
2266 498 2386 555 477,
2427 492 2593 548 Emm.
2619 492 2678 546 E.
2711 491 2836 564 100)

714 591 937 646 membr.
984 591 1159 647 forma
1199 598 1365 654 4,·ut
1411 594 1464 647 in
1512 592 1764 667 catalogo
1810 600 2086 657 notatum,
2134 613 2271 651 saec.
2321 596 2367 651 X
2411 594 2495 650 vel
2536 594 2618 655 XI,
2665 594 2837 649 nitide

715 699 877 765 atque
923 692 1207 767 eleganter
1240 694 1495 768 scriptuS,
1542 702 1626 750 set
1671 696 1862 751 ultima
1903 696 2032 752 folia
2062 696 2238 753 lacera
2285 704 2430 759 sunt,
2473 696 2658 769 ibique
2701 704 2872 751 non-'

714 794 896 851 nullae
942 795 1159 852 litterae
1198 796 1536 852 obscuratae.
1611 798 1816 853 Desinit
1857 797 1972 871 lug.
2017 805 2132 861 106,
2158 810 2185 860 1
2224 800 2278 854 in
2313 798 2476 854 verba
2521 801 2697 853 volux
2733 800 2837 853 ad-

717 898 964 951 veniens.
1048 896 1128 952 Ad
1158 898 1455 971 marginem
1484 899 1655 955 multa
1687 917 1751 955 ex
1791 900 2068 956 veteribus
2113 901 2494 974 grammaticis,
2538 900 2834 961 Prisciano‚

719 998 925 1061 Servio,
972 996 1094 1053 aliis
1137 1000 1426 1074 adscripta,
1473 1019 1612 1074 quae
1657 1002 1920 1077 pleraque
1963 1020 2074 1058 non
2122 1005 2239 1059 sine
2281 1002 2600 1059 difficultate
2645 1002 2837 1075 legun—

718 1106 822 1155 tur.
916 1100 1021 1155 Per
1061 1100 1218 1155 aliam
1251 1118 1466 1158 manum
1512 1104 1852 1177 paucissuma
1896 1106 2156 1179 quaedam
2200 1112 2448 1162 correcta
2493 1112 2635 1159 sunt.
2707 1102 2836 1159 Eius

718 1200 843 1257 libri
893 1202 1259 1258 conlationem
1313 1222 1362 1257 v.
1424 1205 1475 1260 d.
1535 1204 1780 1260 Wolfflin
1838 1206 2121 1263 Gerlachio
2179 1206 2566 1269 commodavit,
2633 1206 2726 1280 qui
2783 1206 2838 1259 in

720 1304 889 1378 praef.
936 1305 1019 1360 ed.
1065 1304 1131 1358 {V
1175 1304 1466 1361 nonnullas
1512 1306 1811 1380 scripturas
1871 1309 2318 1370 conmemoravit‚
2378 1309 2521 1365 unde
2567 1308 2713 1381 quod
2758 1308 2840 1361 in—

721 1406 906 1461 tellexi
950 1423 1122 1461 meam
1165 1406 1531 1464 conlationem
1577 1426 1698 1463 cum
1744 1408 1890 1465 illius
1935 1411 2246 1467 consentire
2281 1410 2477 1467 laetor.

614 1512 665 1566 7.
721 1500 819 1570 m¹,
852 1507 1189 1563 Monacensis
1232 1508 1351 1564 cod.
1382 1508 1475 1564 lat.
1526 1516 1694 1569 14515
1735 1508 1873 1582 (Rat.
1917 1510 1975 1565 G.
2011 1510 2178 1568 Emm.
2223 1510 2364 1585 515),
2413 1510 2634 1566 membr.
2665 1510 2840 1566 forma

723 1614 757 1667 4
795 1626 933 1665 saec.
979 1608 1083 1663 ΧΠ.
1154 1610 1234 1665 Ad
1278 1612 1578 1683 marginem
1625 1612 1828 1668 multae
1870 1612 2258 1687 explicationes
2299 1614 2534 1687 scriptae
2577 1621 2737 1676 sunt,
2786 1614 2840 1668 in

726 1712 923 1795 quibus
966 1710 1231 1766 nonnulla
1272 1728 1335 1766 ex
1376 1711 1499 1788 ‚aliis
1545 1730 1725 1769 rerum
1773 1715 2134 1789 scriptoribus
2181 1714 2245 1771 ad
2285 1714 2682 1771 inlustrandum
2727 1714 2842 1769 Sal-

725 1812 948 1869 lustium
982 1820 1249 1887 excerpta.
1328 1809 1604 1871 Inter‘dum
1651 1833 1810 1873 voces
1858 1816 2202 1873 Germanicae
2247 1817 2647 1890 superscriptae
2695 1825 2840 1879 sunt,

726 1913 889 1970 veluti
923 1914 1036 1988 lug.
1090 1922 1151 1975 13
1194 1916 1253 1971 in
1294 1920 1578 1987 qratiam.-
1618 1918 1814 1973 hulda.
1888 1918 2011 1973 Tria
2050 1917 2197 1980 folia,
2245 1936 2383 1992 quae
2421 1918 2846 1991 conplectuntur

726 2016 885 2072 verba
917 2017 1029 2072 Cat.
1075 2024 1155 2081 14,
1188 2027 1220 2076 5
1256 2018 1401 2073 haut
1426 2018 1744 2090 difficulter
1769 2037 1950 2098 ‘usque
1984 2020 2049 2076 ad
2084 2026 2168 2081 21,
2207 2028 2241 2079 3
2278 2021 2558 2076 hominem
2587 2019 2844 2091 familia·

724 2134 847 2175 rem
903 2119 971 2175 ab
1032 2118 1136 2174 alia
1192 2137 1353 2176 manu
1394 2121 1598 2195 scripta
1651 2127 1794 2175 sunt.
1887 2121 2037 2177 Inter
2079 2120 2358 2176 Catilinam
2413 2129 2468 2176 et
2527 2120 2842 2193 Iugurtham

728 2228 991 2294 quattuor
1028 2223 1258 2296 paginae
1304 2231 1359 2278 et
1400 2223 1616 2288 dimidia
1659 2223 1896 2278 refertae
1942 2230 2070 2277 sunt
2100 2222 2349 2277 futilibus
2397 2222 2747 2297 etymologiis
2789 2232 2844 2278 et

726 2323 876 2378 brevi
918 2324 987 2379 de
1027 2342 1089 2379 re
1132 2324 1351 2379 militari
1380 2325 1746 2381 Romanorum
1791 2324 2179 2397 disputatione.
2269 2324 2401 2381 Item
2448 2326 2562 2398 lug.
2611 2332 2736 2388 102,
2783 2333 2846 2385 13

728 2421 859 2499 post
894 2432 1127 2495 partem
1173 2426 1228 2480 in
1274 2443 1527 2499 suprema
1572 2443 1696 2499 pag.
1739 2432 1838 2484 102
1887 2443 2076 2480 rasura
2121 2432 2234 2489 est,
2286 2433 2398 2481 tum
2443 2427 2575 2482 duas
2616 2427 2844 2501 paginas

730 2526 1095 2597 fragmentum
1138 2528 1545 2599 grammaticum
1587 2528 1826 2589 obsidet,
1887 2528 2122 2601 denique
2160 2527 2256 2583 fol.
2302 2534 2370 2587 52
2414 2527 2518 2583 alia
2563 2546 2752 2583 manus
2789 2528 2842 2582 in

731 2626 988 2682 Sallustio
1036 2645 1211 2701 usque
1255 2629 1321 2684 ad
1366 2627 1527 2683 finem
1569 2629 1766 2702 pergit.

624 2734 674 2787 8.
730 2724 828 2790 m2‚
866 2728 1203 2785 Monacensis
1262 2730 1380 2786 cod.
1425 2729 1519 2785 lat.
1567 2737 1738 2790 14685
1789 2728 2047 2802 (Emmer.
2082 2730 2246 2804 685),
2303 2730 2528 2787 membr.
2584 2730 2756 2786 forma
2813 2736 2847 2789 4

730 2846 869 2885 saec.
904 2830 994 2885 XII
1030 2830 1275 2887 exeuntis
1306 2832 1390 2887 vel
1434 2832 1546 2887 XIII
1584 2832 1838 2887 ineuntis.
1923 2832 1972 2888 Is
2020 2850 2240 2906 quoque
2281 2833 2422 2888 liber
2463 2832 2677 2905 glossas
2718 2832 2848 2887 Ger-

732 2932 966 2988 manicas
1021 2932 1213 2995 habet,
1270 2933 1438 2990 veluti
1495 2936 1610 3008 lug.
1670 2941 1738 2995 36
1803 2936 2006 2990 vades:
2055 2936 2214 3007 yisel.
2307 2935 2543 2989 Divorsis
2599 2934 2846 2989 manibus
2920 2956 2927 2971 .

732 3035 969 3111 scriptus
1012 3042 1112 3091 est.
1196 3036 1277 3091 Ab
1320 3036 1431 3091 Cat.
1478 3044 1573 3100 31,
1619 3045 1656 3097 8
1696 3038 1998 3093 maledicta
2043 3038 2160 3092 alia
2206 3037 2438 3092 secunda
2477 3054 2672 3117 ¹manus
2718 3036 2848 3093 inci-

730 3138 847 3214 pit,
888 3146 999 3194 tum
1033 3138 1195 3194 tertia
1236 3139 1560 3215 perscripsit
1601 3139 1716 3213 lug.
1759 3146 1822 3202 7,
1869 3148 1902 3199 5
1947 3138 2168 3209 afferre
2192 3140 2536 3211 plerumque
2576 3140 2715 3194 solet
2759 3156 2850 3195 us—

561 3340 679 3389 XV.
717 3365 784 3373 —-
820 3337 902 3387 23.
942 3336 1095 3402 6101,
1134 3339 1308 3388 chart.
1348 3355 1391 3389 s.
1430 3339 1550 3401 XV,
1586 3337 1680 3387 hic
1731 3339 1968 3403 priorem
2011 3354 2231 3387 manum
2278 3338 2550 3389 imitatum
2600 3354 2738 3389 esse.
2783 3365 2852 3373 —-

564 3423 682 3473 illic
710 3438 831 3472 cum
855 3424 1042 3487 parvis
1078 3424 1315 3483 lacunis,
1352 3423 1497 3471 unde
1530 3423 1680 3472 coni·
1733 3424 1818 3471 27.
1865 3422 2029 3486 6254,
2092 3424 2313 3473 membr.
2371 3442 2412 3475 s.
2460 3425 2578 3476 XV.
2636 3450 2704 3458 --
2763 3420 2848 3473 28.

506 3559 513 3567 ,
562 3507 823 3557 ciundum
860 3511 944 3555 est
966 3507 1269 3570 librarium,
1297 3507 1572 3557 hominem
1595 3522 1681 3557 re·
1733 3506 1884 3558 8554.
1912 3508 1976 3571 A,
2017 3507 2192 3559 chart.
2233 3524 2276 3558 s.
2317 3510 2432 3559 XV.
2471 3501 2538 3543 —‘—
2574 3508 2658 3558 29.
2693 3507 2851 3571 8609,

562 3592 839 3656 ligiosum‚
878 3607 1019 3656 quae
1057 3592 1114 3640 in
1151 3608 1247 3642 suo
1275 3591 1577 3656 exemplari
1601 3591 1679 3641 le·
1734 3593 1958 3642 membr.
2007 3609 2154 3643 saec.
2203 3594 2321 3643 XV.
2382 3621 2448 3628 -—
2507 3592 2590 3644 30.
2637 3594 2851 3644 Biblio-

565 3693 695 3742 gere
718 3691 825 3725 non
860 3681 1065 3740 posset,
1106 3677 1357 3726 omittere
1394 3676 1678 3739 maluisse,
1733 3676 1930 3727 thecae
1967 3680 2243 3727 Mazarini
2277 3696 2356 3728 nr.
2398 3677 2548 3742 1295,
2589 3679 2764 3729 chart.
2805 3696 2852 3731 S.

566 3778 729 3829 quam
774 3777 885 3811 suov
917 3767 1091 3810 marte
1128 3761 1453 3826 periclitari.
1494 3788 1558 3797 —-
1594 3762 1678 3811 24.
1733 3763 1850 3813 XV.
1899 3790 1966 3797 —
2012 3762 2096 3813 31.
2133 3763 2524 3814 Bibliothecae
2561 3757 2853 3813 d’Arse‘nal

564 3846 726 3910 6103,
767 3846 1012 3896 chartac.
1052 3862 1094 3895 s.
1132 3846 1249 3894 XV.
1294 3872 1361 3881 -
1404 3846 1487 3895 25.
1527 3844 1679 3910 6014,
1733 3863 1812 3896 nr.
1853 3846 1935 3910 73,
1977 3863 2026 3897 a.
2071 3847 2200 3897 1477
2238 3854 2514 3911 exaratus,
2562 3848 2633 3899 ad
2671 3865 2852 3899 exem-

566 3934 738 3983 chart.
779 3948 821 3982 s.
859 3931 978 3981 XV.
1022 3956 1089 3965 —
1134 3928 1216 3979 26.
1254 3928 1417 3993 6253,
1455 3932 1679 3981 membr.
1733 3932 1856 3997 plar
1893 3933 2210 3997 antiquum,
2247 3935 2330 3983 uti
2366 3950 2433 3983 ex
2469 3934 2705 3985 servatis
2743 3934 2851 3984 for-

564 4007 1553 4082 PrincipifimsaeculoXIIscriptum.
1599 4016 1680 4066 Ab
1735 4018 1836 4066 mis
1884 4018 2284 4081 antiquioribus
2333 4018 2580 4083 adparet.
2639 4044 2708 4053 —
2767 4017 2850 4069 32.

564 4103 684 4167 Iug.
712 4102 779 4153 99
814 4103 1167 4152 membranae
1194 4101 1448 4153 divorsae
1474 4106 1601 4151 sunt
1627 4106 1682 4151 et
1732 4086 1921 4151 Eiusffi
1969 4103 2104 4153 bibl.
2153 4093 2234 4152 nr.
2284 4104 2404 4165 74„
2429 4118 2577 4153 saec.
2615 4103 2733 4153 XV.
2785 4129 2851 4137 —

564 4188 829 4237 nonnulla
848 4183 986 4237 folia
1004 4187 1365 4252 palimpsesta
1384 4202 1533 4237 saec.
1561 4187 1680 4250 XV,
1733 4184 1816 4238 33.
1865 4187 2056 4238 Eiusd.
2098 4204 2185 4245 nr.
2233 4187 2328 4251 75,
2389 4187 2564 4237 chart.
2617 4204 2667 4237 a.
2721 4186 2852 4238 1467

564 4272 709 4323 unde
729 4272 900 4322 facile
922 4273 1153 4338 adparet
1170 4272 1457 4322 librarium
1482 4272 1541 4321 in
1559 4286 1680 4335 per·
1737 4276 2012 4323 exaratus.
2069 4272 2136 4323 In
2171 4272 2318 4323 bello
2353 4272 2679 4338 Iugurthino
2699 4289 2852 4337 ‘non-

565 4357 875 4411 scribundis
932 4356 1159 4409 relicuis
1213 4354 1446 4407 Sallusti
1496 4356 1684 4407 verbis
1733 4355 1886 4407 nulla
1923 4356 2062 4407 folia
2098 4357 2256 4408 falsis
2292 4358 2429 4409 locis
2467 4359 2694 4410 inserta.
