3042 4917
469 244 543 303 10

507 1342 586 1401 17.-

503 1652 586 1703 18.

503 2058 582 2112 19.

499 2262 582 2314 20.

499 2363 582 2415 21.

503 2568 586 2619 22.

503 2770 587 2824 23.

1157 239 1770 311 ‚conunn'rarmnuu
1818 263 1960 306 cAr.
2006 265 2050 305 1.

629 418 756 473 min.
800 435 938 474 saec.
983 416 1110 473 XIII.
1199 416 1405 473 Desinit
1448 416 1563 490 lug.
1610 423 1709 479 107
1730 462 1742 480 ‚
1790 426 1823 478 5
1861 421 2041 475 solum
2084 436 2213 475 cum
2252 418 2433 488 Sulla,
2477 438 2507 475 a
2552 420 2750 494 quibus

631 519 806 576 verbis
831 520 935 576 alia
956 537 1146 575 manus
1175 536 1350 592 usque
1373 519 1438 574 ad
1464 526 1566 580 109
1590 528 1724 576 extr.
1748 528 2061 592 praeterea
2083 522 2247 578 labor
2270 520 2371 593 (sic
2393 540 2497 596 pro
2519 522 2747 595 Dabar)

630 622 830 696 pergit·
917 620 1052 677 Male
1092 621 1312 676 habitus
1352 628 1465 685 esst
1510 613 1717 696 p·'130
1744 622 1923 679 lacera
1968 631 2024 679 et
2068 623 2370 681 obscurata.
2444 623 2559 696 lug.
2599 630 2683 685 21,
2716 629 2752 681 4

630 723 791 779 verba
837 726 906 779 de
949 725 1354 779 controversiis
1395 752 1482 765 —-
1526 726 1851 796 disceptare
1902 726 1969 781 ad
2011 726 2310 799 marginem
2356 724 2559 799 scripta
2602 732 2746 781 sunt.

632 826 727 881 Set
775 824 1054 881 nonnullis
1107 824 1242 881 locis
1299 825 1344 881 is
1395 825 1537 881 liber
1590 844 1711 882 cum
1770 827 2009 902 optumis
2055 834 2109 882 et
2158 826 2569 901 antiquissumis
2619 844 2750 881 con-

630 928 798 1025 sentit
858 934 1020 1001 atque
1073 928 1360 984 admodum
1417 929 1769 986 memorabile
1814 935 1929 991 est,
1990 946 2113 985 eum
2156 930 2270 1001 lug.
2314 936 2413 991 85,
2462 936 2524 988 31
2570 929 2753 999 parvi

628 1048 730 1105 pro
769 1047 986 1102 parum
1031 1027 1316 1093 exhihere,
1363 1030 1504 1086 uude
1550 1031 1597 1085 si
1641 1030 1763 1104 quis
1808 1030 2135 1087 concludere
2175 1032 2304 1086 velit
2357 1048 2479 1086 eum
2530 1048 2595 1085 ex
2638 1030 2749 1085 sin—

629 1132 807 1206 gulari
850 1133 1002 1187 sonte
1029 1106 1281 1195 auxisse,
1323 1133 1499 1189 videat
1529 1150 1597 1188 ne
1637 1133 1689 1188 id
1735 1132 1986 1189 audacius
2032 1132 2121 1195 sit,
2170 1134 2373 1206 quippe
2418 1150 2539 1189 cum
2573 1134 2756 1204 parvi

632 1235 687 1289 in
720 1235 761 1289 P
807 1233 1238 1308 superscriptum
1283 1233 1468 1289 fuerit.

631 1329 712 1410 33,
759 1335 1212 1409 Guelferbytanus
1256 1335 1389 1391 Gud.
1435 1342 1539 1395 125
1584 1334 1782 1408 (Ehert
1824 1334 1957 1408 754)
2004 1336 2226 1393 membr.
2286 1335 2381 1391 sol..
2431 1336 2558 1391 min.
2608 1352 2747 1391 saec.

629 1438 756 1501 XIII,
796 1436 1084 1512 permultis
1131 1437 1330 1511 glossis
1380 1436 1721 1495 inlustratus.
1812 1438 1926 1494 Fol.
1961 1445 2027 1497 12
2072 1438 2203 1511 (Cat.
2242 1441 2327 1499 47,
2369 1444 2401 1495 2
2442 1453 2565 1493 esse
2602 1439 2749 1493 vice-

628 1543 833 1596 simum
875 1568 949 1579 —
997 1546 1081 1601 49,
1120 1544 1155 1596 4
1197 1541 1615 1612 conflaverant)
1656 1541 1759 1597 alia
1803 1558 1993 1597 manus
2023 1539 2310 1615 subplevit.

635 1634 716 1715 g4,
762 1640 1217 1714 Guelferbytanus
1263 1648 1312 1701 6.
1347 1646 1396 1697 2.
1458 1641 1552 1696 Ms.
1598 1642 1736 1715 Aug.
1786 1648 1821 1701 4
1864 1641 2049 1715 (Ehert
2076 1640 2219 1714 764),
2257 1641 2482 1697 membr.
2517 1641 2692 1696 forma
2717 1646 2751 1698 4

633 1760 772 1799 saec.
816 1742 904 1797 XV
961 1742 1015 1797 in
1070 1742 1223 1799 ltalia
1281 1750 1548 1799 exaratus
1651 1744 1947 1801 Dolendum
2003 1752 2123 1805 est,
2188 1744 2332 1817 quod
2381 1760 2502 1799 eum
2550 1741 2749 1798 librum

633 1844 834 1902 sciolus
871 1843 1127 1899 librarius
1156 1844 1230 1899 ita
1261 1844 1516 1907 correxit,
1565 1854 1626 1900 ut
1653 1864 1775 1902 cum
1807 1844 2207 1919 exemplaribus
2235 1843 2551 1918 volgaribus
2590 1862 2750 1919 pror—

630 1966 722 2003 sus
767 1946 1087 2019 consentiat.

631 2044 711 2124 g5‚
744 2043 1201 2123 Guelferbytanus.
1238 2054 1317 2106 12.
1357 2056 1440 2107 10.
1501 2048 1597 2103 Ms.
1634 2050 1772 2121 Aug.
1802 2054 1837 2108 4
1866 2047 2051 2121 (Ebert
2082 2047 2207 2121 749)
2236 2047 2459 2105 membr.
2500 2048 2677 2102 forma
2716 2053 2751 2106 4

632 2170 770 2208 saec.
814 2152 903 2207 XV
947 2151 1002 2206 in
1045 2149 1196 2205 Italia
1240 2158 1506 2205 exaratus
1588 2150 1831 2206 ‘Externo
1880 2152 2047 2207 nitori
2092 2151 2225 2207 fides
2278 2152 2390 2205 non
2433 2150 2748 2223 respondet.

629 2248 710 2327 gss,
759 2252 1211 2326 Guelferbytanus
1251 2251 1384 2307 Gud.
1430 2256 1533 2313 177
1577 2251 1764 2324 (Ehert
1807 2251 1931 2325 755)
1977 2253 2148 2309 chart.
2182 2252 2357 2307 forma
2394 2256 2429 2309 4
2470 2260 2609 2307 s'aec.
2643 2251 2748 2306 XV.

631 2350 712 2430 g7,
760 2354 1214 2429 Guelferbytanus
1261 2357 1345 2412 17.
1393 2359 1476 2413 21.
1515 2361 1565 2411 2.
1638 2354 1733 2409 Ms.
1780 2355 1917 2427 Aug.
1954 2360 1989 2413 4
2031 2353 2199 2427 (olim
2242 2352 2749 2422 abbatiaenFloren-

637 2458 797 2514 tinae.
883 2456 1048 2511 Ebert
1092 2452 1226 2527 745)
1269 2455 1441 2512 chart.
1487 2455 1664 2511 forma
1711 2462 1745 2514 4
1790 2473 1928 2512 saec.
1972 2456 2062 2511 XV
2106 2457 2161 2511 in
2198 2454 2351 2511 Italia
2384 2454 2748 2528 conscriptus

632 2578 685 2621 r,
730 2557 1127 2636 Rulandianus,
1182 2574 1344 2630 quem
1387 2556 1678 2631 descripsit
1722 2558 2127 2615 Gutenackerus
2181 2574 2372 2632 progr.
2417 2557 2749 2613 Munnersta-

633 2660 824 2722 diensi,
869 2658 1215 2732 Wirceburgi
1264 2663 1394 2719 1837
1430 2651 1494 2731 1).

634 2764 687 2825 h,
733 2760 1050 2817 Havniensis
1096 2767 1251 2824 3560,
1297 2760 1454 2817 cuius
1497 2760 1797 2835 scripturas
1839 2760 2068 2833 Bojesen
2113 2760 2283 2835 praef.
2326 2760 2587 2817 exhibuit.

633 2915 716 2970 111.
764 2914 932 2970 Tertii
961 2914 1178 2987 generis
1203 2915 1341 2971 duos
1367 2912 1539 2969 libros
1566 2913 1631 2969 ad
1661 2913 1799 2969 hanc
1821 2913 2116 2970 'editionem
2145 2915 2505 2971 adornandam
2530 2913 2750 2970 adhibui

574 3078 585 3089 .
633 3034 681 3097 l,
735 3034 1052 3091 Leidensem
1117 3034 1212 3089 Ms.
1264 3033 1380 3089 Lat.
1421 3032 1554 3088 Bibl.
1600 3031 1753 3088 Publ.
1802 3050 1854 3088 n.
1908 3036 2006 3095 63,
2063 3034 2234 3090 chart.
2292 3034 2467 3089 forma
2524 3038 2559 3091 4
2613 3050 2747 3087 max.

633 3155 771 3193 saec.
817 3136 906 3191 XV
935 3134 1110 3208 (1467.
1161 3134 1332 3209 1471),
1380 3135 1525 3210 apud
1568 3134 2009 3209 Havercampium
2055 3129 2179 3209 G2).

635 3256 692 3315 γ,
740 3238 1222 3311 Guelferbytanum
1254 3238 1386 3293 Gud.
1420 3244 1525 3298 272
1556 3235 1742 3309 (Ebert
1770 3236 1893 3310 753)
1935 3235 2160 3293 membr.
2208 3256 2346 3295 saec.
2386 3238 2475 3293 XV
2519 3236 2571 3292 in
2601 3235 2751 3291 Italia

635 3347 928 3397 exaratum.
1023 3338 1249 3395 Catilina
1307 3338 1363 3393 iu
1417 3356 1483 3394 eo
1535 3338 1679 3394 libro
1723 3338 1805 3395 his
1865 3340 2022 3395 inest.
2108 3339 2392 3414 Exemplar
2450 3339 2597 3413 quod
2649 3338 2753 3394 alia

637 3460 800 3499 manu
835 3439 1097 3515 scriptum
1140 3458 1177 3513 g
1218 3439 1262 3494 11
1305 3439 1586 3514 adpellavi.

423 3652 430 3660 .
539 3624 598 3689 1)
635 3623 958 3689 Iugurtham
1001 3623 1120 3688 ipse
1170 3622 1409 3685 contuli,
1459 3636 1583 3671 cum
1700 3620 1755 3687 2)
1791 3622 1926 3673 Eius
1963 3623 2093 3673 libri
2116 3624 2487 3675 conlationem
2523 3624 2593 3673 ab
2630 3625 2751 3689 ipso

469 3710 682 3761 Halmii
744 3707 1125 3758 benivolentia
1189 3722 1312 3757 eum
1381 3706 1583 3756 librum
1636 3706 2075 3772 diligentissume
2132 3708 2341 3759 factam
2400 3710 2575 3759 debeo
2638 3710 2748 3759 exi—

469 3801 705 3847 nanetus
727 3808 921 3843 essem.
955 3792 1105 3841 Duos
1129 3791 1366 3842 relicuos
1391 3791 1581 3853 libros,
1636 3792 1779 3841 miae
1801 3792 1990 3842 Rothii
2009 3793 2361 3843 humanitati.
2409 3794 2621 3845 Eadem
2641 3796 2748 3845 iam

471 3898 539 3931 ex
586 3880 782 3945 quibus
821 3874 1241 3927 Guteniickerus
1277 3877 1470 3927 eodem
1516 3876 1583 3926 li-
1637 3881 1765 3926 ante
1803 3893 1889 3926 me
1927 3876 2255 3929 Gerlachius
2290 3880 2350 3928 in
2386 3880 2469 3930 ed.
2508 3881 2588 3930 IV
2623 3896 2750 3930 usus

467 3966 617 4016 bello
653 3963 988 4015 scholastico
1024 3962 1328 4012 varietates
1365 3962 1424 4011 in
1459 3960 1582 4010 Cat.
1638 3966 1777 4012 erat.
1870 3962 2067 4013 Libros
2136 3963 2442 4015 Leidenses
2510 3966 2750 4015 relicuos

472 4050 750 4111 enotavit,
801 4052 1095 4113 propterea
1138 4046 1390 4111 neglexi,
1439 4044 1584 4111 quod
1636 4047 1889 4097 nancisei
1922 4063 2035 4097 non
2068 4050 2241 4113 potui,
2281 4050 2540 4114 quoniam
2574 4050 2636 4099 in
2672 4051 2751 4099 eis

471 4136 563 4187 cui
607 4134 777 4185 classi
829 4132 1185 4183 adscribundi
1241 4135 1425 4181 essent
1487 4146 1582 4179 ne·
1638 4131 1989 4182 conferendis
2049 4138 2351 4200 occupatus
2416 4139 2537 4183 erat
2588 4152 2643 4183 V.
2697 4134 2749 4184 d.

469 4221 714 4271 sciebam
748 4234 853 4269 nec
888 4218 1117 4268 multum
1153 4217 1388 4266 fructum
1423 4230 1581 4281 prae·
1636 4216 1900 4278 Rinekes,
1916 4219 2748 4284 gymn.Leidensispraecept01-‚

425 4370 429 4374 Ι
468 4306 602 4355 bere
637 4302 985 4354 videbantur.
1486 4292 1517 4333 N
1648 4302 1744 4366 qui
1778 4316 1907 4350 num
1942 4302 2073 4366 quid
2112 4302 2241 4353 inde
2278 4302 2515 4354 ediderit
2542 4306 2748 4355 neseio.
