3042 4917
511 284 628 358 108
1197 303 1804 361 cosuns‘rarmsuu
1854 270 1993 352 0A13.
2042 305 2111 362 v.

503 465 718 524 obiecta
761 468 818 522 et
851 469 1318 537 expurgaturum
1361 466 1715 534 adseverans
1752 466 1806 522 si
1832 467 2089 523 notitiam
2128 465 2433 524 criminum
2472 471 2528 523 et
2566 467 2799 538 copiam

505 570 762 627 diluendi
801 568 1108 626 habuisset.
1197 568 1383 643 Neque
1427 568 1589 626 aliter
1630 570 1834 627 dictum
1874 578 1957 626 est
1994 587 2079 645 ap.
2129 568 2263 626 Gell.
2308 569 2369 625 N.
2412 569 2474 624 A.
2524 569 2588 624 Vl
2632 577 2682 632 3,
2710 579 2795 634 v5:

499 673 672 744 fidem
705 673 1114 743 consiliumque
1150 673 1440 742 publicum
1481 679 1900 745 eoepuryarent,
1947 680 2003 728 et
2038 690 2122 746 ap.
2162 673 2343 747 ipsum
2380 671 2507 727 Sall.
2547 672 2662 746 lug.
2706 679 2793 735 69,

503 780 565 838 43
610 774 904 846 Turpilius
938 802 1026 815 --
1066 777 1260 831 iussus
1301 793 1337 830 a
1363 774 1593 832 Metello
1630 791 1897 831 caussam
1939 776 2151 842 dicere,
2178 780 2483 845 postquam
2526 789 2651 830 sese
2680 792 2797 846 pa-

503 867 634 953 r'um
675 884 998 951 expurqat‚
1057 878 1467 934 condemnatus
1509 908 1587 920 —-
1636 891 1863 949 poenas
1904 877 2084 934 solvit.
2174 874 2412 950 Adparet
2439 948 2445 952 ⁵
2470 893 2605 952 ergo
2652 876 2797 932 Cati-

503 977 668 1036 linam
713 979 767 1034 in
809 985 1057 1036 senatum
1104 979 1343 1042 venisse,
1385 986 1449 1034 ut
1489 979 1537 1035 si
1580 979 1785 1036 crimen
1828 1009 1903 1020 -
1948 978 2205 1052 quoniam
2253 978 2309 1032 in
2356 967 2548 1035 senatu
2594 976 2795 1052 ageba-

503 1087 614 1143 tur,
661 1081 900 1154 iurgium
945 1081 998 1136 id
1041 1080 1325 1138 dicendum
1375 1111 1448 1122 —
1496 1081 1551 1137 in
1598 1099 1656 1137 se
1696 1080 2001 1138 coniectum
2040 1080 2203 1143 soret,
2249 1079 2303 1134 id
2341 1078 2593 1137 dilueret.
2682 1081 2794 1136 Iam

505 1182 791 1256 quaeritur
831 1201 962 1239 num
999 1182 1054 1238 id
1096 1183 1236 1238 idem
1279 1183 1352 1238 sit
1390 1190 1557 1256 atque
1596 1184 2003 1239 dissimulare?
2084 1181 2274 1238 Nonne
2330 1189 2510 1238 autem
2558 1181 2653 1256 qui
2694 1182 2793 1238 ali-

505 1285 636 1358 quid
677 1283 1011 1348 dissimulat,
1061 1284 1148 1341 hic
1191 1302 1250 1340 se
1291 1284 1344 1340 id
1391 1283 1583 1340 fecisse
1629 1291 1724 1340 aut
1778 1284 1919 1340 scire
1965 1290 2155 1358 negat,
2213 1289 2275 1338 ut
2316 1281 2629 1340 Volturcius
2674 1283 2789 1339 Cat.

502 1391 599 1449 47,
649 1394 675 1445 l
720 1389 790 1444 de
820 1387 1214 1444 coniuratione
1257 1387 1619 1444 dissimulat?
1701 1387 1782 1442 An
1829 1386 1999 1459 igitur
2050 1384 2098 1442 is
2146 1386 2239 1459 qui
2294 1383 2629 1448 dissimulat,
2684 1385 2794 1441 cri-

504 1489 646 1544 mina
711 1488 908 1546 diluit?
981 1487 1130 1544 Unde
1187 1495 1434 1564 apertum
1493 1495 1580 1544 est
1632 1488 1764 1545 haec
1806 1505 1905 1562 per
1958 1493 2014 1545 et
2056 1486 2319 1560 coniungi
2370 1503 2481 1542 non
2518 1480 2793 1560 pbtuisse,

503 1588 787 1664 multoque
829 1590 1008 1646 minus
1056 1607 1156 1666 per
1199 1597 1254 1646 et
1295 1598 1388 1652 ut,
1443 1586 1500 1645 in
1556 1589 1753 1664 quihus
1797 1597 1861 1645 ut
1914 1589 2043 1663 quid
2088 1588 2359 1662 significet
2400 1606 2633 1663 prorsus
2678 1606 2791 1645 non

505 1690 786 1766 intellego.
881 1691 1042 1748 Venit
1097 1710 1230 1766 ergo
1287 1691 1514 1748 Catilina
1563 1691 1619 1747 in
1661 1699 1939 1755 senatum,
1998 1698 2061 1748 ut
2116 1690 2345 1747 consilia
2401 1688 2790 1754 dissimularet,

503 1792 539 1848 i.
597 1811 643 1849 e.
707 1800 933 1866 negaret
988 1811 1047 1850 se
1102 1794 1394 1869 quidquam
1447 1792 1643 1851 consili
1682 1795 1943 1850 advorsus
2001 1791 2391 1866 rempublicam
2444 1792 2632 1848 iniisse
2692 1811 2795 1849 nec

505 1895 796 1968 quidquam
839 1895 906 1951 de
945 1913 1007 1951 ea
1051 1913 1110 1952 re
1150 1897 1304 1958 scire,
1352 1895 1462 1952 sive
1505 1897 1559 1952 id
1597 1895 1777 1952 verbis
1817 1893 2191 1951 declaraturus
2238 1901 2355 1950 erat
2398 1893 2507 1950 sive
2553 1895 2793 1968 speciem

500 2004 904 2070 praetenturuS,
960 1997 1006 2052 si
1053 2004 1230 2054 tamen
1274 1997 1453 2071 iurgio
1497 1997 1785 2054 lacessitus
1830 1997 1991 2060 soret,
2034 1997 2080 2053 si
2116 1996 2375 2070 quaedam
2406 1995 2513 2052 sibi
2557 1995 2799 2064 obiecta„

503 2098 702 2172 quihus
750 2106 1091 2173 argueretur,
1147 2115 1208 2154 ea
1263 2098 1491 2156 diluere.
1576 2099 1741 2155 Recte
1793 2116 1929 2172 ergo
1982 2106 2086 2155 aut
2126 2097 2305 2154 locum
2360 2096 2601 2154 haberet.
2694 2097 2791 2154 Set

499 2199 698 2256 mirum
742 2208 842 2263 est,
890 2201 1036 2275 quod
1080 2201 1136 2256 in
1177 2201 1219 2256 P
1262 2207 1328 2257 ut
1371 2201 1637 2276 scriptum
1667 2207 1769 2262 est,
1812 2210 1913 2256 ne'c
1956 2199 2111 2256 facile
2144 2198 2485 2272 intellegitur
2526 2217 2637 2273 quo
2670 2206 2789 2254 tan-

499 2301 622 2357 dem
650 2303 812 2358 modo
844 2321 909 2359 ex
937 2311 1038 2358 aut
1069 2302 1185 2359 fieri
1221 2302 1483 2377 potuerit,
1533 2303 1679 2376 quod
1710 2302 1765 2356 in
1794 2301 2100 2358 recentiore
2130 2301 2292 2374 primi
2325 2301 2543 2374 generis
2582 2299 2787 2357 familia

501 2389 776 2460 exaratum
821 2411 922 2460 est.
1013 2403 1229 2460 Scilicet
1265 2405 1320 2460 in
1365 2403 1663 2478 archetypo
1710 2403 1817 2460 fuit
1862 2405 1975 2466 vel,
2019 2403 2167 2477 quod
2207 2403 2263 2456 h.
2306 2401 2342 2457 l.
2381 2403 2507 2476 quia
2550 2400 2786 2460 alterum

499 2505 648 2577 quod
688 2505 807 2562 fleri
850 2506 1098 2580 potuerit
1141 2505 1484 2579 adiungitur,
1545 2505 1905 2580 aptissumum
1948 2511 2048 2560 est.
2139 2503 2292 2572 Quod
2335 2523 2459 2560 cum
2503 2503 2557 2559 in
2596 2503 2788 2560 arche-

499 2613 631 2678 typo
678 2605 1028 2664 obscuratum
1071 2615 1135 2664 ut
1177 2606 1377 2664 lectum
1419 2614 1580 2670 esset,
1624 2605 1717 2662 alii
1758 2612 1860 2663 aut
1914 2607 2277 2680 scripserunt,
2326 2603 2418 2684 alii
2460 2611 2517 2661 et
2558 2605 2787 2662 coniun-

497 2705 736 2763 ctionem
792 2708 1122 2765 adiecerunt.
1195 2739 1268 2750 —
1333 2708 1501 2765 Paulo
1555 2717 1684 2784 post
1734 2715 1767 2770 ’7
1817 2710 2122 2780 postulare
2176 2725 2215 2764 a
2270 2709 2545 2780 patribus
2598 2707 2787 2780 coepit

496 2826 675 2865 veram
719 2809 1045 2884 scripturam
1091 2826 1211 2867 esse
1246 2810 1599 2868 confirmatur
1650 2829 1751 2885 per
1792 2810 2211 2866 vetustissumos
2254 2809 2496 2872 codices,
2544 2808 2638 2882 qui
2673 2826 2785 2879 po-

495 2913 716 2967 stulare
751 2913 1024 2984 patribus
1061 2914 1249 2986 coepit
1301 2912 1585 2976 exhibent,
1632 2920 1695 2968 ut
1742 2930 1805 2970 ea
1857 2911 2131 2986 scriptura
2173 2911 2365 2984 utique
2421 2890 2785 2985 praeferunda

497 3014 570 3069 sit
629 3013 846 3073 Gruteri
903 3015 1248 3072 coniecturae
1291 3017 1597 3088 postulare
1658 3020 1861 3086 patres
1922 3014 2239 3084 conscripti
2300 3027 2371 3068 ne
2416 3014 2585 3084 quid,
2644 3029 2784 3086 quae

497 3133 656 3190 quam
695 3134 886 3190 parum
921 3125 1048 3192 apta
1089 3125 1236 3174 esset
1277 3115 1671 3174 demonstravit
1712 3113 2005 3188 Sellingius
2049 3131 2150 3170 em.
2190 3132 2245 3188 p.
2288 3121 2373 3172 21.

453 3339 466 3348 .
667 3269 779 3326 Cat.
823 3277 908 3332 33,
955 3278 986 3329 5
1032 3287 1358 3343 quamquam
1399 3267 1611 3344 optumi
1650 3266 1777 3323 libri
1818 3283 2005 3323 omnes
2050 3267 2254 3322 amittit
2302 3272 2523 3321 tuentur
2566 3272 2637 3327 et,
2688 3266 2785 3338 qui

497 3372 687 3428 amisit
727 3370 983 3427 exhibent
1026 3371 1362 3427 recentiores
1419 3387 1597 3444 neque
1644 3368 1807 3426 ullius
1858 3367 1982 3424 fidei
2028 3376 2185 3432 sunt,
2249 3376 2428 3424 tamen
2485 3385 2609 3424 cum
2670 3366 2788 3422 Sel-

497 3472 670 3546 lingio
712 3490 813 3529 em.
861 3491 914 3547 p.
961 3479 1030 3530 22
1075 3473 1376 3547 perfectum
1419 3471 1486 3528 de
1544 3471 1859 3528 coniectura
1916 3469 2169 3532 restitui,
2226 3470 2428 3543 quippe
2478 3486 2601 3524 cum
2661 3484 2787 3523 sen-

499 3575 701 3632 tentiae
747 3574 922 3630 maior
953 3573 1034 3628 vis
1079 3579 1242 3635 esset,
1287 3590 1408 3630 cum
1452 3590 1557 3629 usu
1603 3573 1656 3628 id
1696 3578 2021 3646 conpertum
2060 3587 2180 3626 esse
2225 3570 2643 3643 significaretur,
2690 3586 2787 3624 ne-

495 3694 601 3750 que
656 3675 722 3731 ab
775 3674 891 3731 veri
947 3675 1126 3750 specie
1186 3673 1538 3738 abhorreret,
1602 3673 1857 3730 librarios
1914 3689 2074 3728 usum
2128 3669 2289 3727 illum⁴
2332 3670 2416 3727 vel
2466 3671 2791 3744 ignorantes

494 3778 578 3834 vel
622 3777 727 3834 hoc
781 3776 905 3834 loco
959 3776 1026 3832 ab
1073 3776 1346 3832 sententia
1397 3774 1634 3833 alienum
1670 3775 1970 3833 iudicantes
2028 3790 2289 3848 praesens
2336 3789 2435 3830 suo
2481 3781 2654 3828 marte
2696 3789 2790 3828 re-

493 3879 756 3938 stituisse.

662 4033 773 4089 Cat.
819 4041 905 4096 35,
941 4040 975 4094 3
1018 4031 1276 4106 quoniam
1306 4029 1517 4105 optumi
1560 4028 1704 4091 libri,
1750 4005 2075 4102 quamquam
2110 4028 2250 4100 quin
2278 4023 2552 4088 exhibent,
2599 4032 2791 4082 tamen

491 4142 618 4192 ante
652 4151 880 4206 possem
923 4134 1270 4207 negationem
1314 4149 1429 4188 non
1474 4131 1742 4192 retinent,
1786 4131 1921 4202 quia
1967 4137 2148 4185 autem
2181 4146 2293 4185 non
2334 4144 2569 4202 prorsus
2615 4124 2792 4183 libro-

492 4253 614 4293 rum
662 4235 987 4292 testimoniis
1024 4242 1191 4298 caret,
1237 4235 1376 4306 quia
1411 4263 1485 4273 —
1519 4247 1636 4288 non
1659 4246 1884 4302 possem
1921 4230 2205 4305 archetypi
2240 4225 2569 4302 scripturam
2611 4227 2791 4286 fuisse

489 4353 812 4414 persuasum
857 4336 1050 4393 habeo.
1139 4337 1319 4410 Atque
1363 4333 1615 4408 profecto
1672 4332 1809 4390 adeo
1859 4330 2082 4413 maiore·
2109 4330 2375 4406 gravitate
2414 4329 2646 4398 Catilina
2710 4331 2793 4388 ita
