<?xml version="1.0" encoding="UTF-8"?>
<!DOCTYPE html PUBLIC "-//W3C//DTD XHTML 1.0 Transitional//EN"
    "http://www.w3.org/TR/xhtml1/DTD/xhtml1-transitional.dtd">
<html xmlns="http://www.w3.org/1999/xhtml" xml:lang="en" lang="en">
 <head>
  <title>
</title>
<meta http-equiv="Content-Type" content="text/html;charset=utf-8" />
  <meta name='ocr-system' content='tesseract 3.04.00' />
  <meta name='ocr-capabilities' content='ocr_page ocr_carea ocr_par ocr_line ocrx_word'/>
</head>
<body>
  <div class='ocr_page' id='page_1' title='image "./gaisallusticris00dietgoog_0029.png"; bbox 0 0 3042 4917; ppageno 0'>
   <div class='ocr_carea' id='block_1_1' title="bbox 919 262 2509 352">
    <p class='ocr_par' dir='ltr' id='par_1_1' title="bbox 919 262 2509 352">
     <span class='ocr_line' id='line_1_1' title="bbox 919 262 2509 352; baseline -0.003 -26"><span class='ocrx_word' id='word_1_1' title='bbox 919 284 1527 327; x_wconf 69' lang='grc' dir='ltr'><strong>οοΝΜΕΝΤΑΤΙοΝυΜ</strong></span> <span class='ocrx_word' id='word_1_2' title='bbox 1576 281 1717 352; x_wconf 48' lang='lat' dir='ltr'>clar.</span> <span class='ocrx_word' id='word_1_3' title='bbox 1762 282 1805 323; x_wconf 90' lang='lat'>1.</span> <span class='ocrx_word' id='word_1_4' title='bbox 2433 262 2509 322; x_wconf 89' lang='lat'>15</span> 
     </span>
    </p>
   </div>
   <div class='ocr_carea' id='block_1_2' title="bbox 211 434 2512 2229">
    <p class='ocr_par' dir='ltr' id='par_1_2' title="bbox 213 434 2512 1433">
     <span class='ocr_line' id='line_1_2' title="bbox 220 434 2512 513; baseline -0.003 -16"><span class='ocrx_word' id='word_1_5' title='bbox 220 449 350 499; x_wconf 84' lang='lat' dir='ltr'>nata</span> <span class='ocrx_word' id='word_1_6' title='bbox 399 448 614 503; x_wconf 86' lang='lat' dir='ltr'><strong>essent,</strong></span> <span class='ocrx_word' id='word_1_7' title='bbox 653 440 914 502; x_wconf 48' lang='lat' dir='ltr'>statuere,</span> <span class='ocrx_word' id='word_1_8' title='bbox 973 440 1100 496; x_wconf 86' lang='lat' dir='ltr'>dum</span> <span class='ocrx_word' id='word_1_9' title='bbox 1155 446 1374 513; x_wconf 88' lang='lat' dir='ltr'>reperta</span> <span class='ocrx_word' id='word_1_10' title='bbox 1431 446 1486 495; x_wconf 86' lang='lat' dir='ltr'>et</span> <span class='ocrx_word' id='word_1_11' title='bbox 1550 446 1662 494; x_wconf 90' lang='lat' dir='ltr'>tum</span> <span class='ocrx_word' id='word_1_12' title='bbox 1716 436 1800 492; x_wconf 91' lang='lat' dir='ltr'>vel</span> <span class='ocrx_word' id='word_1_13' title='bbox 1855 435 2033 491; x_wconf 51' lang='lat' dir='ltr'>mutili</span> <span class='ocrx_word' id='word_1_14' title='bbox 2088 434 2214 492; x_wconf 88' lang='lat' dir='ltr'>libri</span> <span class='ocrx_word' id='word_1_15' title='bbox 2272 434 2512 510; x_wconf 89' lang='lat' dir='ltr'>subpleti</span> 
     </span>
     <span class='ocr_line' id='line_1_3' title="bbox 221 538 2512 616; baseline -0.002 -19"><span class='ocrx_word' id='word_1_16' title='bbox 221 543 305 599; x_wconf 89' lang='lat' dir='ltr'>vel</span> <span class='ocrx_word' id='word_1_17' title='bbox 350 544 476 599; x_wconf 92' lang='lat' dir='ltr'>novi</span> <span class='ocrx_word' id='word_1_18' title='bbox 521 542 799 616; x_wconf 83' lang='lat' dir='ltr'><strong>pleniores</strong></span> <span class='ocrx_word' id='word_1_19' title='bbox 839 549 1044 597; x_wconf 81' lang='lat' dir='ltr'>exarati</span> <span class='ocrx_word' id='word_1_20' title='bbox 1089 550 1234 603; x_wconf 88' lang='lat' dir='ltr'>sunt,</span> <span class='ocrx_word' id='word_1_21' title='bbox 1279 556 1460 597; x_wconf 89' lang='lat' dir='ltr'>nonne</span> <span class='ocrx_word' id='word_1_22' title='bbox 1504 547 1563 595; x_wconf 89' lang='lat' dir='ltr'>et</span> <span class='ocrx_word' id='word_1_23' title='bbox 1610 556 1719 613; x_wconf 88' lang='lat' dir='ltr'>quo</span> <span class='ocrx_word' id='word_1_24' title='bbox 1748 539 1911 595; x_wconf 86' lang='lat' dir='ltr'>modo</span> <span class='ocrx_word' id='word_1_25' title='bbox 1954 540 2157 595; x_wconf 82' lang='lat' dir='ltr'>factum</span> <span class='ocrx_word' id='word_1_26' title='bbox 2200 538 2273 592; x_wconf 88' lang='lat' dir='ltr'>sit</span> <span class='ocrx_word' id='word_1_27' title='bbox 2314 545 2375 593; x_wconf 92' lang='lat' dir='ltr'>ut</span> <span class='ocrx_word' id='word_1_28' title='bbox 2420 538 2512 593; x_wconf 88' lang='lat' dir='ltr'>illa</span> 
     </span>
     <span class='ocr_line' id='line_1_4' title="bbox 217 627 2509 719; baseline -0.003 -18"><span class='ocrx_word' id='word_1_29' title='bbox 217 664 350 719; x_wconf 88' lang='lat' dir='ltr'>pars</span> <span class='ocrx_word' id='word_1_30' title='bbox 395 644 592 719; x_wconf 76' lang='lat' dir='ltr'>postea</span> <span class='ocrx_word' id='word_1_31' title='bbox 640 627 858 700; x_wconf 78' lang='lat' dir='ltr'>inventa</span> <span class='ocrx_word' id='word_1_32' title='bbox 905 642 1126 700; x_wconf 90' lang='lat' dir='ltr'>relicuis</span> <span class='ocrx_word' id='word_1_33' title='bbox 1181 644 1434 699; x_wconf 82' lang='lat' dir='ltr'>vitiosior</span> <span class='ocrx_word' id='word_1_34' title='bbox 1484 642 1560 698; x_wconf 86' lang='lat' dir='ltr'>sit</span> <span class='ocrx_word' id='word_1_35' title='bbox 1620 648 1675 698; x_wconf 91' lang='lat' dir='ltr'>et</span> <span class='ocrx_word' id='word_1_36' title='bbox 1722 660 1820 698; x_wconf 89' lang='lat' dir='ltr'>cur</span> <span class='ocrx_word' id='word_1_37' title='bbox 1876 642 2169 698; x_wconf 85' lang='lat' dir='ltr'>secuudum</span> <span class='ocrx_word' id='word_1_38' title='bbox 2225 657 2397 712; x_wconf 83' lang='lat' dir='ltr'>genus</span> <span class='ocrx_word' id='word_1_39' title='bbox 2454 640 2509 695; x_wconf 90' lang='lat' dir='ltr'>in</span> 
     </span>
     <span class='ocr_line' id='line_1_5' title="bbox 217 742 2507 820; baseline -0.003 -17"><span class='ocrx_word' id='word_1_40' title='bbox 217 748 422 803; x_wconf 87' lang='lat' dir='ltr'>ceteris</span> <span class='ocrx_word' id='word_1_41' title='bbox 449 747 698 820; x_wconf 86' lang='lat' dir='ltr'>partibus</span> <span class='ocrx_word' id='word_1_42' title='bbox 736 746 803 801; x_wconf 93' lang='lat' dir='ltr'>ab</span> <span class='ocrx_word' id='word_1_43' title='bbox 833 746 1014 820; x_wconf 88' lang='lat' dir='ltr'>primo</span> <span class='ocrx_word' id='word_1_44' title='bbox 1033 762 1234 819; x_wconf 83' lang='lat' dir='ltr'>genere</span> <span class='ocrx_word' id='word_1_45' title='bbox 1269 762 1379 800; x_wconf 90' lang='lat' dir='ltr'>non</span> <span class='ocrx_word' id='word_1_46' title='bbox 1413 746 1488 799; x_wconf 84' lang='lat' dir='ltr'>ita</span> <span class='ocrx_word' id='word_1_47' title='bbox 1511 744 1801 818; x_wconf 77' lang='lat' dir='ltr'>discrepet,</span> <span class='ocrx_word' id='word_1_48' title='bbox 1826 742 2041 817; x_wconf 88' lang='lat' dir='ltr'>planius</span> <span class='ocrx_word' id='word_1_49' title='bbox 2074 751 2239 817; x_wconf 87' lang='lat' dir='ltr'>atque</span> <span class='ocrx_word' id='word_1_50' title='bbox 2265 742 2507 815; x_wconf 80' lang='lat' dir='ltr'>apertius</span> 
     </span>
     <span class='ocr_line' id='line_1_6' title="bbox 217 844 2510 922; baseline -0.003 -18"><span class='ocrx_word' id='word_1_51' title='bbox 217 856 322 912; x_wconf 90' lang='lat' dir='ltr'>est,</span> <span class='ocrx_word' id='word_1_52' title='bbox 369 866 532 922; x_wconf 87' lang='lat' dir='ltr'>quam</span> <span class='ocrx_word' id='word_1_53' title='bbox 581 849 626 903; x_wconf 92' lang='lat' dir='ltr'>si</span> <span class='ocrx_word' id='word_1_54' title='bbox 673 866 822 904; x_wconf 90' lang='lat' dir='ltr'>suam</span> <span class='ocrx_word' id='word_1_55' title='bbox 873 848 1071 920; x_wconf 88' lang='lat' dir='ltr'>cuique</span> <span class='ocrx_word' id='word_1_56' title='bbox 1117 847 1385 920; x_wconf 82' lang='lat' dir='ltr'>originem</span> <span class='ocrx_word' id='word_1_57' title='bbox 1431 847 1601 903; x_wconf 84' lang='lat' dir='ltr'>fuisse</span> <span class='ocrx_word' id='word_1_58' title='bbox 1644 846 1886 901; x_wconf 74' lang='lat' dir='ltr'>statuas?</span> <span class='ocrx_word' id='word_1_59' title='bbox 1982 846 2061 901; x_wconf 85' lang='lat' dir='ltr'>Ad</span> <span class='ocrx_word' id='word_1_60' title='bbox 2120 861 2278 917; x_wconf 86' lang='lat' dir='ltr'>quam</span> <span class='ocrx_word' id='word_1_61' title='bbox 2330 844 2510 916; x_wconf 87' lang='lat' dir='ltr'>suspi-</span> 
     </span>
     <span class='ocr_line' id='line_1_7' title="bbox 215 946 2509 1023; baseline -0.003 -16"><span class='ocrx_word' id='word_1_62' title='bbox 215 952 434 1007; x_wconf 85' lang='lat' dir='ltr'>cionem</span> <span class='ocrx_word' id='word_1_63' title='bbox 478 949 898 1007; x_wconf 87' lang='lat' dir='ltr'>confirmandam</span> <span class='ocrx_word' id='word_1_64' title='bbox 944 950 1108 1004; x_wconf 87' lang='lat' dir='ltr'>etiam</span> <span class='ocrx_word' id='word_1_65' title='bbox 1152 948 1286 1005; x_wconf 89' lang='lat' dir='ltr'>illud</span> <span class='ocrx_word' id='word_1_66' title='bbox 1328 949 1596 1022; x_wconf 83' lang='lat' dir='ltr'>pertinet,</span> <span class='ocrx_word' id='word_1_67' title='bbox 1644 948 1789 1023; x_wconf 86' lang='lat' dir='ltr'>quod</span> <span class='ocrx_word' id='word_1_68' title='bbox 1834 949 1937 1003; x_wconf 87' lang='lat' dir='ltr'>iam</span> <span class='ocrx_word' id='word_1_69' title='bbox 1982 954 2105 1003; x_wconf 87' lang='lat' dir='ltr'>ante</span> <span class='ocrx_word' id='word_1_70' title='bbox 2145 964 2303 1020; x_wconf 86' lang='lat' dir='ltr'>quam</span> <span class='ocrx_word' id='word_1_71' title='bbox 2366 946 2509 1001; x_wconf 85' lang='lat' dir='ltr'>unde</span> 
     </span>
     <span class='ocr_line' id='line_1_8' title="bbox 219 1047 2509 1126; baseline -0.003 -17"><span class='ocrx_word' id='word_1_72' title='bbox 219 1053 401 1109; x_wconf 86' lang='lat' dir='ltr'>omnis</span> <span class='ocrx_word' id='word_1_73' title='bbox 443 1052 634 1107; x_wconf 86' lang='lat' dir='ltr'>lacuna</span> <span class='ocrx_word' id='word_1_74' title='bbox 673 1051 988 1126; x_wconf 85' lang='lat' dir='ltr'>expleretur</span> <span class='ocrx_word' id='word_1_75' title='bbox 1020 1052 1297 1107; x_wconf 91' lang='lat' dir='ltr'>inventum</span> <span class='ocrx_word' id='word_1_76' title='bbox 1335 1060 1496 1112; x_wconf 89' lang='lat' dir='ltr'>esset,</span> <span class='ocrx_word' id='word_1_77' title='bbox 1544 1050 1797 1105; x_wconf 83' lang='lat' dir='ltr'>librarios</span> <span class='ocrx_word' id='word_1_78' title='bbox 1838 1066 1975 1122; x_wconf 89' lang='lat' dir='ltr'>quae</span> <span class='ocrx_word' id='word_1_79' title='bbox 2012 1050 2264 1105; x_wconf 88' lang='lat' dir='ltr'>deessent</span> <span class='ocrx_word' id='word_1_80' title='bbox 2296 1047 2509 1121; x_wconf 86' lang='lat' dir='ltr'>quaesi-</span> 
     </span>
     <span class='ocr_line' id='line_1_9' title="bbox 213 1147 2507 1226; baseline -0.002 -17"><span class='ocrx_word' id='word_1_81' title='bbox 213 1156 361 1211; x_wconf 85' lang='lat' dir='ltr'>visse</span> <span class='ocrx_word' id='word_1_82' title='bbox 396 1155 694 1211; x_wconf 85' lang='lat' dir='ltr'>ostendunt</span> <span class='ocrx_word' id='word_1_83' title='bbox 723 1154 849 1209; x_wconf 88' lang='lat' dir='ltr'>libri</span> <span class='ocrx_word' id='word_1_84' title='bbox 886 1147 1081 1215; x_wconf 82' lang='lat' dir='ltr'>P2P3B,</span> <span class='ocrx_word' id='word_1_85' title='bbox 1127 1153 1183 1209; x_wconf 89' lang='lat' dir='ltr'>in</span> <span class='ocrx_word' id='word_1_86' title='bbox 1217 1154 1414 1226; x_wconf 88' lang='lat' dir='ltr'>quibus</span> <span class='ocrx_word' id='word_1_87' title='bbox 1445 1172 1509 1209; x_wconf 84' lang='lat' dir='ltr'>ex</span> <span class='ocrx_word' id='word_1_88' title='bbox 1540 1152 1683 1207; x_wconf 87' lang='lat' dir='ltr'>libro</span> <span class='ocrx_word' id='word_1_89' title='bbox 1720 1152 1837 1207; x_wconf 91' lang='lat' dir='ltr'>eius</span> <span class='ocrx_word' id='word_1_90' title='bbox 1872 1150 2113 1223; x_wconf 72' lang='lat' dir='ltr'>generis,</span> <span class='ocrx_word' id='word_1_91' title='bbox 2135 1151 2291 1207; x_wconf 90' lang='lat' dir='ltr'>cuius</span> <span class='ocrx_word' id='word_1_92' title='bbox 2321 1157 2406 1207; x_wconf 88' lang='lat' dir='ltr'>est</span> <span class='ocrx_word' id='word_1_93' title='bbox 2431 1148 2507 1211; x_wconf 63' lang='lat' dir='ltr'>Q,</span> 
     </span>
     <span class='ocr_line' id='line_1_10' title="bbox 213 1252 2510 1336; baseline -0.003 -24"><span class='ocrx_word' id='word_1_94' title='bbox 213 1256 418 1312; x_wconf 88' lang='lat' dir='ltr'>Bocchi</span> <span class='ocrx_word' id='word_1_95' title='bbox 475 1256 650 1311; x_wconf 87' lang='lat' dir='ltr'>oratio</span> <span class='ocrx_word' id='word_1_96' title='bbox 695 1274 740 1311; x_wconf 93' lang='lat' dir='ltr'>c.</span> <span class='ocrx_word' id='word_1_97' title='bbox 783 1264 880 1315; x_wconf 84' lang='grc'>110</span> <span class='ocrx_word' id='word_1_98' title='bbox 921 1254 1226 1330; x_wconf 89' lang='lat' dir='ltr'>perscripta</span> <span class='ocrx_word' id='word_1_99' title='bbox 1272 1253 1571 1317; x_wconf 81' lang='lat' dir='ltr'>invenitur3</span> <span class='ocrx_word' id='word_1_100' title='bbox 1618 1270 1792 1327; x_wconf 89' lang='lat' dir='ltr'>neque</span> <span class='ocrx_word' id='word_1_101' title='bbox 1835 1252 2149 1308; x_wconf 82' lang='lat' dir='ltr'>incredibile</span> <span class='ocrx_word' id='word_1_102' title='bbox 2196 1260 2280 1307; x_wconf 89' lang='lat' dir='ltr'>est</span> <span class='ocrx_word' id='word_1_103' title='bbox 2321 1252 2510 1336; x_wconf 77' lang='lat' dir='ltr'>arebe-</span> 
     </span>
     <span class='ocr_line' id='line_1_11' title="bbox 217 1354 2115 1433; baseline -0.003 -19"><span class='ocrx_word' id='word_1_104' title='bbox 217 1359 336 1433; x_wconf 79' lang='lat' dir='ltr'>typi</span> <span class='ocrx_word' id='word_1_105' title='bbox 382 1357 475 1413; x_wconf 87' lang='lat' dir='ltr'>illa</span> <span class='ocrx_word' id='word_1_106' title='bbox 514 1357 662 1421; x_wconf 80' lang='lat' dir='ltr'>folia,</span> <span class='ocrx_word' id='word_1_107' title='bbox 711 1356 951 1431; x_wconf 89' lang='lat' dir='ltr'>quamvis</span> <span class='ocrx_word' id='word_1_108' title='bbox 997 1356 1336 1419; x_wconf 80' lang='lat' dir='ltr'>excidissent,</span> <span class='ocrx_word' id='word_1_109' title='bbox 1387 1363 1562 1411; x_wconf 86' lang='lat' dir='ltr'>tamen</span> <span class='ocrx_word' id='word_1_110' title='bbox 1609 1372 1719 1410; x_wconf 87' lang='lat' dir='ltr'>non</span> <span class='ocrx_word' id='word_1_111' title='bbox 1761 1354 1938 1410; x_wconf 85' lang='lat' dir='ltr'>dele&#39;ta</span> <span class='ocrx_word' id='word_1_112' title='bbox 1978 1372 2115 1410; x_wconf 90' lang='lat' dir='ltr'>esse.</span> 
     </span>
    </p>

    <p class='ocr_par' dir='ltr' id='par_1_3' title="bbox 211 1456 2509 2229">
     <span class='ocr_line' id='line_1_12' title="bbox 391 1456 2508 1545; baseline -0.002 -32"><span class='ocrx_word' id='word_1_113' title='bbox 391 1460 533 1516; x_wconf 87' lang='lat' dir='ltr'>Haec</span> <span class='ocrx_word' id='word_1_114' title='bbox 577 1460 747 1545; x_wconf 70' lang='lat' dir='ltr'>igitur</span> <span class='ocrx_word' id='word_1_115' title='bbox 791 1476 908 1515; x_wconf 89' lang='lat' dir='ltr'>mea</span> <span class='ocrx_word' id='word_1_116' title='bbox 943 1459 1212 1515; x_wconf 88' lang='lat' dir='ltr'>sententia</span> <span class='ocrx_word' id='word_1_117' title='bbox 1253 1466 1354 1519; x_wconf 89' lang='lat' dir='ltr'>est,</span> <span class='ocrx_word' id='word_1_118' title='bbox 1401 1476 1465 1513; x_wconf 84' lang='lat' dir='ltr'>ex</span> <span class='ocrx_word' id='word_1_119' title='bbox 1502 1458 1799 1531; x_wconf 81' lang='lat' dir='ltr'>archetypo</span> <span class='ocrx_word' id='word_1_120' title='bbox 1844 1474 1966 1512; x_wconf 89' lang='lat' dir='ltr'>cum</span> <span class='ocrx_word' id='word_1_121' title='bbox 2014 1456 2340 1511; x_wconf 86' lang='lat' dir='ltr'>excidissent</span> <span class='ocrx_word' id='word_1_122' title='bbox 2372 1472 2508 1509; x_wconf 89' lang='lat' dir='ltr'>non-</span> 
     </span>
     <span class='ocr_line' id='line_1_13' title="bbox 213 1555 2509 1635; baseline -0.002 -18"><span class='ocrx_word' id='word_1_123' title='bbox 213 1562 367 1619; x_wconf 91' lang='lat' dir='ltr'>nulla</span> <span class='ocrx_word' id='word_1_124' title='bbox 411 1562 559 1624; x_wconf 86' lang='lat' dir='ltr'>folia,</span> <span class='ocrx_word' id='word_1_125' title='bbox 604 1562 767 1635; x_wconf 88' lang='lat' dir='ltr'>primi</span> <span class='ocrx_word' id='word_1_126' title='bbox 812 1560 1030 1635; x_wconf 84' lang='lat' dir='ltr'>generis</span> <span class='ocrx_word' id='word_1_127' title='bbox 1079 1560 1250 1617; x_wconf 86' lang='lat' dir='ltr'>libros</span> <span class='ocrx_word' id='word_1_128' title='bbox 1307 1560 1653 1634; x_wconf 86' lang='lat' dir='ltr'>conscriptos</span> <span class='ocrx_word' id='word_1_129' title='bbox 1706 1577 1853 1621; x_wconf 89' lang='lat' dir='ltr'>esse,</span> <span class='ocrx_word' id='word_1_130' title='bbox 1911 1566 2023 1615; x_wconf 91' lang='lat' dir='ltr'>tum</span> <span class='ocrx_word' id='word_1_131' title='bbox 2068 1576 2190 1628; x_wconf 71' lang='lat' dir='ltr'>cuin</span> <span class='ocrx_word' id='word_1_132' title='bbox 2239 1557 2369 1613; x_wconf 82' lang='lat' dir='ltr'>solia</span> <span class='ocrx_word' id='word_1_133' title='bbox 2417 1555 2509 1613; x_wconf 91' lang='lat' dir='ltr'>illa</span> 
     </span>
     <span class='ocr_line' id='line_1_14' title="bbox 213 1658 2508 1739; baseline -0.002 -20"><span class='ocrx_word' id='word_1_134' title='bbox 213 1658 437 1739; x_wconf 79' lang='lat' dir='ltr'>reperta</span> <span class='ocrx_word' id='word_1_135' title='bbox 480 1672 681 1727; x_wconf 84' lang='lat' dir='ltr'>essent,</span> <span class='ocrx_word' id='word_1_136' title='bbox 728 1663 958 1719; x_wconf 84' lang='lat' dir='ltr'>alterum</span> <span class='ocrx_word' id='word_1_137' title='bbox 1004 1680 1177 1735; x_wconf 89' lang='lat' dir='ltr'>genus</span> <span class='ocrx_word' id='word_1_138' title='bbox 1223 1671 1409 1718; x_wconf 87' lang='lat' dir='ltr'>natum</span> <span class='ocrx_word' id='word_1_139' title='bbox 1439 1680 1577 1724; x_wconf 89' lang='lat' dir='ltr'>esse,</span> <span class='ocrx_word' id='word_1_140' title='bbox 1622 1668 1903 1736; x_wconf 89' lang='lat' dir='ltr'>postremo</span> <span class='ocrx_word' id='word_1_141' title='bbox 1950 1677 2015 1715; x_wconf 86' lang='lat' dir='ltr'>ex</span> <span class='ocrx_word' id='word_1_142' title='bbox 2055 1661 2302 1733; x_wconf 64' lang='lat' dir='ltr'>&#39;margine</span> <span class='ocrx_word' id='word_1_143' title='bbox 2344 1658 2508 1716; x_wconf 86' lang='lat' dir='ltr'>verba</span> 
     </span>
     <span class='ocr_line' id='line_1_15' title="bbox 211 1760 2506 1838; baseline -0.002 -17"><span class='ocrx_word' id='word_1_144' title='bbox 211 1767 308 1822; x_wconf 89' lang='lat' dir='ltr'>illa</span> <span class='ocrx_word' id='word_1_145' title='bbox 355 1767 462 1821; x_wconf 91' lang='lat' dir='ltr'>tria</span> <span class='ocrx_word' id='word_1_146' title='bbox 506 1766 620 1838; x_wconf 85' lang='lat' dir='ltr'>lug.</span> <span class='ocrx_word' id='word_1_147' title='bbox 656 1771 740 1827; x_wconf 79' lang='lat'>44,</span> <span class='ocrx_word' id='word_1_148' title='bbox 782 1776 814 1825; x_wconf 85' lang='lat'>5</span> <span class='ocrx_word' id='word_1_149' title='bbox 861 1765 915 1819; x_wconf 88' lang='lat' dir='ltr'>in</span> <span class='ocrx_word' id='word_1_150' title='bbox 971 1772 1174 1819; x_wconf 87' lang='lat' dir='ltr'>textum</span> <span class='ocrx_word' id='word_1_151' title='bbox 1223 1764 1771 1838; x_wconf 78' lang='lat' dir='ltr'>scriptorisrecepta</span> <span class='ocrx_word' id='word_1_152' title='bbox 1816 1780 1952 1817; x_wconf 90' lang='lat' dir='ltr'>esse.</span> <span class='ocrx_word' id='word_1_153' title='bbox 2034 1760 2178 1829; x_wconf 82' lang='lat' dir='ltr'>Quae</span> <span class='ocrx_word' id='word_1_154' title='bbox 2218 1760 2506 1823; x_wconf 87' lang='lat' dir='ltr'>sententia,</span> 
     </span>
     <span class='ocr_line' id='line_1_16' title="bbox 212 1863 2508 1940; baseline -0.003 -16"><span class='ocrx_word' id='word_1_155' title='bbox 212 1870 258 1925; x_wconf 91' lang='lat' dir='ltr'>si</span> <span class='ocrx_word' id='word_1_156' title='bbox 305 1868 470 1923; x_wconf 88' lang='lat' dir='ltr'>etiam</span> <span class='ocrx_word' id='word_1_157' title='bbox 512 1866 700 1940; x_wconf 87' lang='lat' dir='ltr'>plures</span> <span class='ocrx_word' id='word_1_158' title='bbox 747 1867 871 1922; x_wconf 89' lang='lat' dir='ltr'>libri</span> <span class='ocrx_word' id='word_1_159' title='bbox 914 1868 1114 1940; x_wconf 87' lang='lat' dir='ltr'>reperti</span> <span class='ocrx_word' id='word_1_160' title='bbox 1165 1866 1248 1921; x_wconf 91' lang='lat' dir='ltr'>vel</span> <span class='ocrx_word' id='word_1_161' title='bbox 1291 1865 1610 1938; x_wconf 82' lang='lat' dir='ltr'>diligentius</span> <span class='ocrx_word' id='word_1_162' title='bbox 1652 1863 1919 1939; x_wconf 86' lang='lat' dir='ltr'>explorati</span> <span class='ocrx_word' id='word_1_163' title='bbox 1964 1863 2194 1925; x_wconf 85' lang='lat' dir='ltr'>fuerint,</span> <span class='ocrx_word' id='word_1_164' title='bbox 2242 1871 2335 1918; x_wconf 91' lang='lat' dir='ltr'>aut</span> <span class='ocrx_word' id='word_1_165' title='bbox 2378 1881 2508 1919; x_wconf 89' lang='lat' dir='ltr'>con-</span> 
     </span>
     <span class='ocr_line' id='line_1_17' title="bbox 215 1965 2504 2041; baseline -0.003 -16"><span class='ocrx_word' id='word_1_166' title='bbox 215 1969 524 2025; x_wconf 83' lang='lat' dir='ltr'>firmabitur</span> <span class='ocrx_word' id='word_1_167' title='bbox 554 1976 648 2023; x_wconf 84' lang='lat' dir='ltr'>aut</span> <span class='ocrx_word' id='word_1_168' title='bbox 678 1968 1023 2041; x_wconf 85' lang='lat' dir='ltr'>infringetur.</span> <span class='ocrx_word' id='word_1_169' title='bbox 1090 1968 1310 2023; x_wconf 84' lang='lat' dir='ltr'>Interim</span> <span class='ocrx_word' id='word_1_170' title='bbox 1345 1985 1454 2041; x_wconf 89' lang='lat' dir='ltr'>quo</span> <span class='ocrx_word' id='word_1_171' title='bbox 1489 1967 1606 2022; x_wconf 88' lang='lat' dir='ltr'>iure</span> <span class='ocrx_word' id='word_1_172' title='bbox 1637 1966 1767 2021; x_wconf 84' lang='lat' dir='ltr'>mihi</span> <span class='ocrx_word' id='word_1_173' title='bbox 1796 1966 1933 2021; x_wconf 82' lang='lat' dir='ltr'>lianc</span> <span class='ocrx_word' id='word_1_174' title='bbox 1963 1965 2139 2039; x_wconf 82' lang='lat' dir='ltr'>legem</span> <span class='ocrx_word' id='word_1_175' title='bbox 2176 1965 2504 2039; x_wconf 85' lang='lat' dir='ltr'>scripserim,</span> 
     </span>
     <span class='ocr_line' id='line_1_18' title="bbox 216 2066 2504 2140; baseline -0.003 -13"><span class='ocrx_word' id='word_1_176' title='bbox 216 2080 277 2127; x_wconf 90' lang='lat' dir='ltr'>ut</span> <span class='ocrx_word' id='word_1_177' title='bbox 328 2072 435 2126; x_wconf 91' lang='lat' dir='ltr'>nisi</span> <span class='ocrx_word' id='word_1_178' title='bbox 495 2071 765 2126; x_wconf 89' lang='lat' dir='ltr'>sententia</span> <span class='ocrx_word' id='word_1_179' title='bbox 825 2071 1094 2133; x_wconf 88' lang='lat' dir='ltr'>obstaret,</span> <span class='ocrx_word' id='word_1_180' title='bbox 1147 2069 1362 2126; x_wconf 89' lang='lat' dir='ltr'>codices</span> <span class='ocrx_word' id='word_1_181' title='bbox 1416 2069 1833 2124; x_wconf 86' lang='lat' dir='ltr'>vetustissumos</span> <span class='ocrx_word' id='word_1_182' title='bbox 1880 2066 2187 2140; x_wconf 88' lang='lat' dir='ltr'>sequendos</span> <span class='ocrx_word' id='word_1_183' title='bbox 2240 2075 2504 2140; x_wconf 85' lang='lat' dir='ltr'>putarem,</span> 
     </span>
     <span class='ocr_line' id='line_1_19' title="bbox 216 2172 1035 2229; baseline -0.002 -1"><span class='ocrx_word' id='word_1_184' title='bbox 216 2172 452 2229; x_wconf 87' lang='lat' dir='ltr'>benivoli</span> <span class='ocrx_word' id='word_1_185' title='bbox 500 2172 735 2228; x_wconf 89' lang='lat' dir='ltr'>lectores</span> <span class='ocrx_word' id='word_1_186' title='bbox 780 2172 1035 2228; x_wconf 89' lang='lat' dir='ltr'>iudicent.</span> 
     </span>
    </p>
   </div>
   <div class='ocr_carea' id='block_1_3' title="bbox 1241 2642 1498 2721">
    <p class='ocr_par' dir='ltr' id='par_1_4' title="bbox 1241 2642 1498 2721">
     <span class='ocr_line' id='line_1_20' title="bbox 1241 2642 1498 2721; baseline -0.008 -18"><span class='ocrx_word' id='word_1_187' title='bbox 1241 2642 1380 2721; x_wconf 87' lang='lat' dir='ltr'>Cap.</span> <span class='ocrx_word' id='word_1_188' title='bbox 1430 2642 1498 2703; x_wconf 91' lang='grc' dir='ltr'>Π.</span> 
     </span>
    </p>
   </div>
   <div class='ocr_carea' id='block_1_4' title="bbox 213 2824 2507 3065">
    <p class='ocr_par' dir='ltr' id='par_1_5' title="bbox 213 2824 2507 3065">
     <span class='ocr_line' id='line_1_21' title="bbox 213 2824 2507 2926; baseline -0.001 -24"><span class='ocrx_word' id='word_1_189' title='bbox 213 2830 332 2903; x_wconf 91' lang='lat' dir='ltr'>De</span> <span class='ocrx_word' id='word_1_190' title='bbox 398 2826 593 2902; x_wconf 87' lang='lat' dir='ltr'>locis</span> <span class='ocrx_word' id='word_1_191' title='bbox 666 2828 746 2901; x_wconf 88' lang='lat' dir='ltr'>in</span> <span class='ocrx_word' id='word_1_192' title='bbox 809 2828 1088 2926; x_wconf 83' lang='lat' dir='ltr'>quibus</span> <span class='ocrx_word' id='word_1_193' title='bbox 1158 2826 1452 2925; x_wconf 84' lang='lat' dir='ltr'>aliquid</span> <span class='ocrx_word' id='word_1_194' title='bbox 1526 2828 1899 2903; x_wconf 84' lang='lat' dir='ltr'>excidisse</span> <span class='ocrx_word' id='word_1_195' title='bbox 1965 2824 2090 2901; x_wconf 87' lang='lat' dir='ltr'>vel</span> <span class='ocrx_word' id='word_1_196' title='bbox 2156 2825 2290 2901; x_wconf 88' lang='lat' dir='ltr'>alii</span> <span class='ocrx_word' id='word_1_197' title='bbox 2359 2826 2507 2901; x_wconf 86' lang='lat' dir='ltr'>viri</span> 
     </span>
     <span class='ocr_line' id='line_1_22' title="bbox 457 2962 2273 3065; baseline -0.001 -26"><span class='ocrx_word' id='word_1_198' title='bbox 457 2965 662 3040; x_wconf 84' lang='lat' dir='ltr'>docti</span> <span class='ocrx_word' id='word_1_199' title='bbox 720 2965 1157 3041; x_wconf 85' lang='lat' dir='ltr'>iudicarunt</span> <span class='ocrx_word' id='word_1_200' title='bbox 1209 2962 1334 3039; x_wconf 87' lang='lat' dir='ltr'>vel</span> <span class='ocrx_word' id='word_1_201' title='bbox 1391 2992 1537 3063; x_wconf 82' lang='lat' dir='ltr'>ego</span> <span class='ocrx_word' id='word_1_202' title='bbox 1594 2965 2026 3065; x_wconf 85' lang='lat' dir='ltr'>suspicatus</span> <span class='ocrx_word' id='word_1_203' title='bbox 2086 2991 2273 3038; x_wconf 90' lang='lat' dir='ltr'>sum.</span> 
     </span>
    </p>
   </div>
   <div class='ocr_carea' id='block_1_5' title="bbox 209 3169 2510 4386">
    <p class='ocr_par' dir='ltr' id='par_1_6' title="bbox 209 3169 2510 4386">
     <span class='ocr_line' id='line_1_23' title="bbox 385 3169 2503 3265; baseline -0.002 -16"><span class='ocrx_word' id='word_1_204' title='bbox 385 3192 498 3249; x_wconf 90' lang='lat' dir='ltr'>Cat.</span> <span class='ocrx_word' id='word_1_205' title='bbox 540 3200 601 3255; x_wconf 83' lang='lat'>3,</span> <span class='ocrx_word' id='word_1_206' title='bbox 640 3203 672 3253; x_wconf 86' lang='lat'>5</span> <span class='ocrx_word' id='word_1_207' title='bbox 716 3201 771 3249; x_wconf 90' lang='lat' dir='ltr'>et</span> <span class='ocrx_word' id='word_1_208' title='bbox 829 3192 920 3249; x_wconf 87' lang='lat' dir='ltr'>alii</span> <span class='ocrx_word' id='word_1_209' title='bbox 977 3192 1077 3247; x_wconf 90' lang='lat' dir='ltr'>viri</span> <span class='ocrx_word' id='word_1_210' title='bbox 1115 3192 1261 3248; x_wconf 89' lang='lat' dir='ltr'>docti</span> <span class='ocrx_word' id='word_1_211' title='bbox 1321 3200 1376 3247; x_wconf 91' lang='lat' dir='ltr'>et</span> <span class='ocrx_word' id='word_1_212' title='bbox 1422 3192 1539 3265; x_wconf 85' lang='lat' dir='ltr'>ipse</span> <span class='ocrx_word' id='word_1_213' title='bbox 1592 3169 1697 3264; x_wconf 83' lang='lat' dir='ltr'>ego</span> <span class='ocrx_word' id='word_1_214' title='bbox 1749 3189 1877 3246; x_wconf 91' lang='lat' dir='ltr'>olim</span> <span class='ocrx_word' id='word_1_215' title='bbox 1919 3190 2112 3264; x_wconf 88' lang='lat' dir='ltr'>cupide</span> <span class='ocrx_word' id='word_1_216' title='bbox 2170 3190 2503 3264; x_wconf 89' lang='lat' dir='ltr'>adripuimus</span> 
     </span>
     <span class='ocr_line' id='line_1_24' title="bbox 212 3291 2505 3371; baseline -0.002 -20"><span class='ocrx_word' id='word_1_217' title='bbox 212 3295 542 3371; x_wconf 76' lang='lat' dir='ltr'>scripturam</span> <span class='ocrx_word' id='word_1_218' title='bbox 586 3294 977 3352; x_wconf 89' lang='lat' dir='ltr'>nonnullorum</span> <span class='ocrx_word' id='word_1_219' title='bbox 1022 3293 1290 3350; x_wconf 91' lang='lat' dir='ltr'>librorum</span> <span class='ocrx_word' id='word_1_220' title='bbox 1333 3296 1532 3349; x_wconf 81' lang='lat' dir='ltr'>eadem</span> <span class='ocrx_word' id='word_1_221' title='bbox 1576 3311 1709 3365; x_wconf 78' lang='lat' dir='ltr'>qua.</span> <span class='ocrx_word' id='word_1_222' title='bbox 1789 3291 1881 3347; x_wconf 91' lang='lat' dir='ltr'>Set</span> <span class='ocrx_word' id='word_1_223' title='bbox 1925 3300 2073 3348; x_wconf 87' lang='lat' dir='ltr'>recte</span> <span class='ocrx_word' id='word_1_224' title='bbox 2103 3292 2267 3350; x_wconf 86' lang='lat' dir='ltr'>homo</span> <span class='ocrx_word' id='word_1_225' title='bbox 2304 3291 2505 3347; x_wconf 90' lang='lat' dir='ltr'>dicitur</span> 
     </span>
     <span class='ocr_line' id='line_1_25' title="bbox 211 3393 2504 3471; baseline 0 -18"><span class='ocrx_word' id='word_1_226' title='bbox 211 3397 446 3471; x_wconf 86' lang='lat' dir='ltr'>aliquem</span> <span class='ocrx_word' id='word_1_227' title='bbox 484 3398 722 3468; x_wconf 79' lang='lat' dir='ltr'>probris</span> <span class='ocrx_word' id='word_1_228' title='bbox 751 3397 1008 3452; x_wconf 81' lang='lat' dir='ltr'>omnibus</span> <span class='ocrx_word' id='word_1_229' title='bbox 1053 3398 1482 3467; x_wconf 80' lang='lat' dir='ltr'>maledictisque</span> <span class='ocrx_word' id='word_1_230' title='bbox 1526 3411 1745 3453; x_wconf 72' lang='lat' dir='ltr'>vescare</span> <span class='ocrx_word' id='word_1_231' title='bbox 1792 3393 1919 3465; x_wconf 87' lang='lat' dir='ltr'>(Cic.</span> <span class='ocrx_word' id='word_1_232' title='bbox 1951 3412 2034 3468; x_wconf 88' lang='lat' dir='ltr'>pr.</span> <span class='ocrx_word' id='word_1_233' title='bbox 2072 3394 2244 3450; x_wconf 88' lang='lat' dir='ltr'>Flacc.</span> <span class='ocrx_word' id='word_1_234' title='bbox 2278 3400 2362 3456; x_wconf 79' lang='lat'>20,</span> <span class='ocrx_word' id='word_1_235' title='bbox 2396 3393 2504 3467; x_wconf 83' lang='lat'>48),</span> 
     </span>
     <span class='ocr_line' id='line_1_26' title="bbox 212 3496 2503 3573; baseline -0.001 -18"><span class='ocrx_word' id='word_1_236' title='bbox 212 3518 277 3555; x_wconf 90' lang='lat' dir='ltr'>an</span> <span class='ocrx_word' id='word_1_237' title='bbox 339 3498 630 3554; x_wconf 84' lang='lat' dir='ltr'>Sallustius</span> <span class='ocrx_word' id='word_1_238' title='bbox 681 3498 746 3553; x_wconf 91' lang='lat' dir='ltr'>de</span> <span class='ocrx_word' id='word_1_239' title='bbox 797 3498 1046 3573; x_wconf 86' lang='lat' dir='ltr'>cupidine</span> <span class='ocrx_word' id='word_1_240' title='bbox 1110 3498 1338 3553; x_wconf 90' lang='lat' dir='ltr'>honoris</span> <span class='ocrx_word' id='word_1_241' title='bbox 1393 3498 1534 3554; x_wconf 87' lang='lat' dir='ltr'>idem</span> <span class='ocrx_word' id='word_1_242' title='bbox 1590 3497 1788 3553; x_wconf 84' lang='lat' dir='ltr'>dixerit</span> <span class='ocrx_word' id='word_1_243' title='bbox 1846 3503 1953 3552; x_wconf 90' lang='lat' dir='ltr'>tam</span> <span class='ocrx_word' id='word_1_244' title='bbox 2010 3496 2102 3552; x_wconf 88' lang='lat' dir='ltr'>diu</span> <span class='ocrx_word' id='word_1_245' title='bbox 2148 3496 2503 3552; x_wconf 89' lang='lat' dir='ltr'>dubitandum</span> 
     </span>
     <span class='ocr_line' id='line_1_27' title="bbox 213 3598 2506 3674; baseline -0.001 -19"><span class='ocrx_word' id='word_1_246' title='bbox 213 3602 438 3662; x_wconf 87' lang='lat' dir='ltr'>videtur,</span> <span class='ocrx_word' id='word_1_247' title='bbox 486 3601 611 3657; x_wconf 89' lang='lat' dir='ltr'>dum</span> <span class='ocrx_word' id='word_1_248' title='bbox 657 3598 820 3655; x_wconf 89' lang='lat' dir='ltr'>simili</span> <span class='ocrx_word' id='word_1_249' title='bbox 866 3600 1111 3674; x_wconf 79' lang='lat' dir='ltr'>exemplo</span> <span class='ocrx_word' id='word_1_250' title='bbox 1157 3600 1373 3674; x_wconf 88' lang='lat' dir='ltr'>prolato</span> <span class='ocrx_word' id='word_1_251' title='bbox 1430 3606 1706 3656; x_wconf 69' lang='lat' dir='ltr'>ostentum</span> <span class='ocrx_word' id='word_1_252' title='bbox 1752 3598 1920 3654; x_wconf 85' lang='lat' dir='ltr'>fuerit</span> <span class='ocrx_word' id='word_1_253' title='bbox 1962 3598 2326 3655; x_wconf 88' lang='lat' dir='ltr'>Romanorum</span> <span class='ocrx_word' id='word_1_254' title='bbox 2373 3600 2506 3655; x_wconf 88' lang='lat' dir='ltr'>scri—</span> 
     </span>
     <span class='ocr_line' id='line_1_28' title="bbox 211 3700 2506 3776; baseline -0 -19"><span class='ocrx_word' id='word_1_255' title='bbox 211 3709 401 3775; x_wconf 88' lang='lat' dir='ltr'>ptores</span> <span class='ocrx_word' id='word_1_256' title='bbox 446 3702 727 3776; x_wconf 90' lang='lat' dir='ltr'>pedestres</span> <span class='ocrx_word' id='word_1_257' title='bbox 761 3702 924 3757; x_wconf 88' lang='lat' dir='ltr'>animi</span> <span class='ocrx_word' id='word_1_258' title='bbox 969 3702 1253 3775; x_wconf 83' lang='lat' dir='ltr'>cupiditati</span> <span class='ocrx_word' id='word_1_259' title='bbox 1287 3702 1356 3765; x_wconf 90' lang='lat' dir='ltr'>id,</span> <span class='ocrx_word' id='word_1_260' title='bbox 1404 3701 1549 3775; x_wconf 87' lang='lat' dir='ltr'>quod</span> <span class='ocrx_word' id='word_1_261' title='bbox 1595 3700 1793 3775; x_wconf 86' lang='lat' dir='ltr'>aliquis</span> <span class='ocrx_word' id='word_1_262' title='bbox 1837 3700 2031 3773; x_wconf 82' lang='lat' dir='ltr'>agendi</span> <span class='ocrx_word' id='word_1_263' title='bbox 2062 3717 2157 3755; x_wconf 83' lang='lat' dir='ltr'>sua</span> <span class='ocrx_word' id='word_1_264' title='bbox 2193 3700 2405 3757; x_wconf 88' lang='lat' dir='ltr'>ratione</span> <span class='ocrx_word' id='word_1_265' title='bbox 2439 3701 2506 3756; x_wconf 88' lang='lat' dir='ltr'>ab</span> 
     </span>
     <span class='ocr_line' id='line_1_29' title="bbox 212 3801 2505 3877; baseline -0.001 -19"><span class='ocrx_word' id='word_1_266' title='bbox 212 3803 301 3858; x_wconf 91' lang='lat' dir='ltr'>illa</span> <span class='ocrx_word' id='word_1_267' title='bbox 342 3804 638 3876; x_wconf 88' lang='lat' dir='ltr'>cupiditate</span> <span class='ocrx_word' id='word_1_268' title='bbox 688 3803 935 3877; x_wconf 82' lang='lat' dir='ltr'>profecta</span> <span class='ocrx_word' id='word_1_269' title='bbox 991 3805 1134 3877; x_wconf 91' lang='lat' dir='ltr'>apud</span> <span class='ocrx_word' id='word_1_270' title='bbox 1179 3802 1318 3859; x_wconf 90' lang='lat' dir='ltr'>alios</span> <span class='ocrx_word' id='word_1_271' title='bbox 1361 3803 1611 3859; x_wconf 88' lang='lat' dir='ltr'>homines</span> <span class='ocrx_word' id='word_1_272' title='bbox 1671 3802 1775 3859; x_wconf 88' lang='lat' dir='ltr'>sibi</span> <span class='ocrx_word' id='word_1_273' title='bbox 1818 3801 2212 3863; x_wconf 85' lang='lat' dir='ltr'>contraxisset,</span> <span class='ocrx_word' id='word_1_274' title='bbox 2264 3801 2505 3857; x_wconf 88' lang='lat' dir='ltr'>tribuen-</span> 
     </span>
     <span class='ocr_line' id='line_1_30' title="bbox 211 3882 2505 3979; baseline -0.001 -20"><span class='ocrx_word' id='word_1_275' title='bbox 211 3906 334 3959; x_wconf 91' lang='lat' dir='ltr'>dum</span> <span class='ocrx_word' id='word_1_276' title='bbox 374 3912 612 3979; x_wconf 89' lang='lat' dir='ltr'>putasse.</span> <span class='ocrx_word' id='word_1_277' title='bbox 685 3882 761 3960; x_wconf 79' lang='grc' dir='ltr'>Ᾱο</span> <span class='ocrx_word' id='word_1_278' title='bbox 804 3922 926 3961; x_wconf 89' lang='lat' dir='ltr'>cum</span> <span class='ocrx_word' id='word_1_279' title='bbox 973 3906 1183 3979; x_wconf 89' lang='lat' dir='ltr'>optumi</span> <span class='ocrx_word' id='word_1_280' title='bbox 1231 3904 1707 3961; x_wconf 81' lang='lat' dir='ltr'>etvetustissumi</span> <span class='ocrx_word' id='word_1_281' title='bbox 1748 3904 1873 3960; x_wconf 87' lang='lat' dir='ltr'>libri</span> <span class='ocrx_word' id='word_1_282' title='bbox 1918 3906 2116 3959; x_wconf 80' lang='lat' dir='ltr'>eadem</span> <span class='ocrx_word' id='word_1_283' title='bbox 2162 3918 2311 3974; x_wconf 82' lang='lat' dir='ltr'>quae</span> <span class='ocrx_word' id='word_1_284' title='bbox 2358 3903 2505 3957; x_wconf 86' lang='lat' dir='ltr'>exhi-</span> 
     </span>
     <span class='ocr_line' id='line_1_31' title="bbox 211 4003 2503 4081; baseline -0.001 -20"><span class='ocrx_word' id='word_1_285' title='bbox 211 4006 389 4068; x_wconf 87' lang='lat' dir='ltr'>beant,</span> <span class='ocrx_word' id='word_1_286' title='bbox 435 4023 614 4061; x_wconf 90' lang='lat' dir='ltr'>nonne</span> <span class='ocrx_word' id='word_1_287' title='bbox 660 4005 924 4063; x_wconf 88' lang='lat' dir='ltr'>ablativus</span> <span class='ocrx_word' id='word_1_288' title='bbox 970 4006 1036 4062; x_wconf 85' lang='lat' dir='ltr'>ab</span> <span class='ocrx_word' id='word_1_289' title='bbox 1082 4007 1162 4062; x_wconf 89' lang='lat' dir='ltr'>eis</span> <span class='ocrx_word' id='word_1_290' title='bbox 1211 4007 1448 4081; x_wconf 87' lang='lat' dir='ltr'>scriptus</span> <span class='ocrx_word' id='word_1_291' title='bbox 1497 4008 1733 4069; x_wconf 86' lang='lat' dir='ltr'>videtur,</span> <span class='ocrx_word' id='word_1_292' title='bbox 1780 4007 1871 4079; x_wconf 90' lang='lat' dir='ltr'>qui</span> <span class='ocrx_word' id='word_1_293' title='bbox 1919 4004 2221 4061; x_wconf 87' lang='lat' dir='ltr'>orationem</span> <span class='ocrx_word' id='word_1_294' title='bbox 2270 4003 2503 4059; x_wconf 88' lang='lat' dir='ltr'>hiulcam</span> 
     </span>
     <span class='ocr_line' id='line_1_32' title="bbox 211 4106 2505 4182; baseline -0.001 -19"><span class='ocrx_word' id='word_1_295' title='bbox 211 4116 264 4163; x_wconf 87' lang='lat' dir='ltr'>et</span> <span class='ocrx_word' id='word_1_296' title='bbox 310 4106 700 4163; x_wconf 87' lang='lat' dir='ltr'>claudicantem</span> <span class='ocrx_word' id='word_1_297' title='bbox 746 4110 1032 4165; x_wconf 86' lang='lat' dir='ltr'>emendare</span> <span class='ocrx_word' id='word_1_298' title='bbox 1072 4110 1392 4165; x_wconf 80' lang='lat' dir='ltr'>studerent?</span> <span class='ocrx_word' id='word_1_299' title='bbox 1468 4109 1598 4164; x_wconf 89' lang='lat' dir='ltr'>Nam</span> <span class='ocrx_word' id='word_1_300' title='bbox 1643 4108 1894 4182; x_wconf 84' lang='lat' dir='ltr'>profecto</span> <span class='ocrx_word' id='word_1_301' title='bbox 1938 4108 2137 4163; x_wconf 81' lang='lat' dir='ltr'>eadem</span> <span class='ocrx_word' id='word_1_302' title='bbox 2177 4122 2327 4178; x_wconf 80' lang='lat' dir='ltr'>quae</span> <span class='ocrx_word' id='word_1_303' title='bbox 2372 4106 2505 4163; x_wconf 83' lang='lat' dir='ltr'>ferri</span> 
     </span>
     <span class='ocr_line' id='line_1_33' title="bbox 210 4206 2508 4286; baseline -0.001 -21"><span class='ocrx_word' id='word_1_304' title='bbox 210 4228 318 4267; x_wconf 87' lang='lat' dir='ltr'>non</span> <span class='ocrx_word' id='word_1_305' title='bbox 361 4217 563 4283; x_wconf 88' lang='lat' dir='ltr'>potest,</span> <span class='ocrx_word' id='word_1_306' title='bbox 600 4210 705 4265; x_wconf 88' lang='lat' dir='ltr'>nisi</span> <span class='ocrx_word' id='word_1_307' title='bbox 753 4212 973 4268; x_wconf 71' lang='lat' dir='ltr'>Linlieri</span> <span class='ocrx_word' id='word_1_308' title='bbox 1012 4211 1240 4273; x_wconf 88' lang='lat' dir='ltr'>ratione,</span> <span class='ocrx_word' id='word_1_309' title='bbox 1289 4211 1383 4286; x_wconf 91' lang='lat' dir='ltr'>qui</span> <span class='ocrx_word' id='word_1_310' title='bbox 1431 4212 1630 4266; x_wconf 84' lang='lat' dir='ltr'>eadem</span> <span class='ocrx_word' id='word_1_311' title='bbox 1676 4227 1777 4284; x_wconf 90' lang='lat' dir='ltr'>pro</span> <span class='ocrx_word' id='word_1_312' title='bbox 1820 4208 2053 4265; x_wconf 86' lang='lat' dir='ltr'>ablativo</span> <span class='ocrx_word' id='word_1_313' title='bbox 2098 4206 2405 4265; x_wconf 86' lang='lat' dir='ltr'>habendum</span> <span class='ocrx_word' id='word_1_314' title='bbox 2451 4217 2508 4264; x_wconf 92' lang='lat' dir='ltr'>et</span> 
     </span>
     <span class='ocr_line' id='line_1_34' title="bbox 209 4310 2510 4386; baseline 0 -19"><span class='ocrx_word' id='word_1_315' title='bbox 209 4313 274 4367; x_wconf 84' lang='lat' dir='ltr'>ad</span> <span class='ocrx_word' id='word_1_316' title='bbox 317 4327 470 4384; x_wconf 81' lang='lat' dir='ltr'>quae</span> <span class='ocrx_word' id='word_1_317' title='bbox 507 4319 729 4379; x_wconf 72' lang='lat' dir='ltr'>ceteros</span> <span class='ocrx_word' id='word_1_318' title='bbox 757 4320 938 4369; x_wconf 88' lang='lat' dir='ltr'>mente</span> <span class='ocrx_word' id='word_1_319' title='bbox 977 4328 1124 4385; x_wconf 83' lang='lat' dir='ltr'>quae</span> <span class='ocrx_word' id='word_1_320' title='bbox 1167 4312 1326 4385; x_wconf 70' lang='lat' dir='ltr'>(fama</span> <span class='ocrx_word' id='word_1_321' title='bbox 1356 4322 1518 4386; x_wconf 87' lang='lat' dir='ltr'>atque</span> <span class='ocrx_word' id='word_1_322' title='bbox 1560 4310 1775 4385; x_wconf 85' lang='lat' dir='ltr'>invidia)</span> <span class='ocrx_word' id='word_1_323' title='bbox 1806 4318 2029 4368; x_wconf 80' lang='lat' dir='ltr'>ceteros</span> <span class='ocrx_word' id='word_1_324' title='bbox 2049 4317 2299 4383; x_wconf 81' lang='lat' dir='ltr'>propter</span> <span class='ocrx_word' id='word_1_325' title='bbox 2327 4313 2510 4367; x_wconf 66' lang='lat' dir='ltr'>malos</span> 
     </span>
    </p>
   </div>
  </div>
 </body>
</html>
