3042 4917
951 311 1561 360 connun'rii'r1onuu
1608 312 1748 355 cAP.
1797 274 1918 378 lv,
2039 290 2050 301 ”
2483 294 2564 357 77

454 472 548 529 Set
590 489 659 528 ne
701 470 901 546 longus
941 471 1069 534 sim,
1116 488 1211 528 eos
1248 470 1420 535 locos,
1465 470 1521 527 in
1569 469 1764 544 quibus
1795 467 2018 542 aliquod
2054 466 2372 524 vocabulum
2415 468 2566 541 glos·

263 592 427 631 sema
472 592 592 631 esse
638 582 694 630 et
734 573 1002 629 librorum
1048 573 1335 649 scripturis
1385 580 1440 629 et
1482 572 1756 629 sententia
1800 571 2091 633 evincitur,
2146 569 2386 625 breviter
2429 570 2566 625 indi-

260 676 443 733 cabo:
487 686 566 738 15,
612 683 645 733 2
686 682 937 732 senatus.
980 682 1065 738 24,
1116 684 1179 735 10
1220 691 1301 731 ex
1344 674 1693 749 (quamquam
1737 681 1822 737 82,
1859 682 1895 734 3
1923 690 2003 729 eoe
2037 674 2300 729 manibus
2343 671 2562 745 legitur,

264 786 360 835 set
404 777 569 833 simili
606 778 767 834 modo
810 777 921 832 Cat.
966 784 1051 839 46,
1085 784 1117 835 2
1152 779 1448 849 per-icum,
1492 784 1550 833 at
1593 783 1678 840 48,
1712 782 1748 835 4
1789 792 1818 831 e
1847 777 2113 847 periculo
2124 797 2144 837 ;
2187 775 2285 831 cfr.
2329 774 2440 829 Cat.
2477 781 2562 837 48,

267 890 301 940 1
353 896 437 935 εει·
476 882 745 935 servitute
772 864 1028 952 erepta).
1095 886 1181 949 45,
1227 888 1259 939 5
1300 895 1388 935 ea.
1457 885 1542 940 48,
1587 884 1620 935 2
1661 894 1957 949 passuum.
2017 884 2101 942 54,
2141 887 2170 937 1
2217 878 2348 932 iam.
2405 883 2490 939 79,
2530 883 2564 935 2

266 997 399 1037 nos.
448 989 533 1042 85,
580 989 643 1041 ll
688 982 810 1037 sibi.
854 988 939 1043 93,
986 988 1021 1040 8
1056 982 1123 1036 ei.
1170 986 1255 1042 97,
1298 986 1331 1037 2
1373 984 1512 1035 eius.
1581 980 1689 1035 Nec
1729 981 1902 1054 magis
1945 998 2075 1035 vero
2121 981 2241 1035 fuse
2285 980 2564 1053 disputan-

266 1083 407 1139 dum
452 1100 648 1139 censeo
692 1084 757 1138 de
801 1082 953 1145 locis,
995 1082 1088 1137 ubi
1130 1082 1467 1144 vocabulum,
1509 1081 1656 1155 quod
1703 1089 1758 1137 et
1793 1081 1947 1137 libris
1992 1082 2124 1137 satis
2167 1082 2435 1137 munitum
2471 1098 2564 1137 ne-

272 1202 387 1257 que
434 1185 499 1240 ab
540 1184 811 1241 sententia
859 1184 1093 1239 alienum
1134 1192 1233 1247 est,
1268 1184 1610 1240 retinendum
1651 1184 1864 1258 putavi,
1903 1183 2080 1239 velut:
2121 1185 2235 1258 lug.
2283 1191 2368 1247 22,
2414 1191 2447 1243 2
2483 1200 2562 1240 se.

269 1294 365 1349 25,
415 1293 449 1345 4
484 1289 578 1342 usi
620 1285 763 1359 (nam
800 1300 929 1343 casu
974 1287 1025 1342 id
1070 1287 1125 1341 in
1169 1285 1340 1349 libro,
1398 1286 1540 1342 unde
1589 1284 1748 1341 multi
1792 1286 2048 1360 exscripti
2097 1293 2254 1349 sunt,
2305 1286 2564 1343 excidisse

270 1388 439 1444 facile
483 1388 743 1464 adparet).

454 1492 568 1564 lug.
619 1497 705 1553 17τ
744 1498 777 1550 6
818 1498 1111 1565 postquam
1160 1498 1337 1545 terrae
1376 1490 1588 1545 Africae
1633 1497 1828 1547 natura
1874 1490 2146 1564 descripta
2184 1498 2284 1553 est,
2331 1492 2408 1548 sic
2441 1510 2565 1567 per·

273 1594 463 1667 gitur:
512 1594 703 1649 Genus
740 1593 1027 1649 hominum
1058 1594 1281 1649 salubri
1316 1608 1580 1664 corpore,
1628 1594 1812 1654 velox,
1850 1594 2082 1663 patiens
2116 1594 2407 1653 laborum,-
2439 1598 2566 1666 ple-

273 1710 493 1767 rosque
548 1702 813 1751 senectus
867 1695 1147 1761 dissolvit,
1202 1696 1316 1749 nisi
1352 1696 1454 1765 qui
1489 1692 1659 1764 ferro
1701 1688 1804 1749 c'aeut
1845 1696 2036 1751 bestiis
2074 1696 2375 1752 interiere.-
2431 1716 2565 1754 nam

272 1799 516 1853 morbus
569 1798 711 1853 haut
768 1812 943 1867 saepe
1009 1811 1349 1867 quemquam
1400 1803 1659 1867 superat.
1759 1798 1852 1852 Ad
1897 1797 2004 1852 hoc
2057 1799 2294 1869 malifici
2337 1803 2568 1871 yeneris

268 1903 556 1973 pluruma
602 1901 893 1955 animalia.
977 1898 1035 1953 ln
1079 1899 1274 1972 quibus
1316 1898 1479 1954 verba
1514 1900 1595 1953 ad
1625 1899 1732 1954 hoc
1759 1928 1847 1939 —-
1876 1902 2150 1955 animalia
2189 1900 2422 1955 Grutero
2456 1909 2566 1958 tam

276 2001 426 2059 male
469 2002 807 2075 praegressis
852 2001 1101 2057 adiuncta
1146 2018 1266 2056 esse
1307 2000 1419 2055 visa
1466 2008 1611 2063 sunt,
1659 2008 1720 2055 ut
1761 2001 1827 2056 ab
1871 2002 2243 2073 grammaticO,
2289 2003 2383 2075 qui
2420 2005 2564 2076 quod

277 2102 576 2161 Sallustius
620 2102 821 2158 bestias
864 2110 1353 2163 conmemorasset,
1416 2110 1670 2176 quantam
1727 2104 1937 2176 copiam
1988 2104 2170 2159 Africa
2215 2102 2428 2159 malifici
2473 2123 2564 2179 gc-

276 2206 433 2262 neris
476 2204 772 2260 bestiarum
818 2204 1042 2260 haberet
1078 2206 1521 2261 conmonefactus
1560 2212 1734 2267 esset,
1791 2205 1980 2260 adsuta
2023 2222 2143 2260 esse
2183 2206 2445 2262 iudicaret
2487 2218 2565 2264 at·

280 2326 393 2382 que
437 2308 600 2370 adeo,
660 2325 780 2363 cum
825 2307 881 2361 in
925 2306 1048 2361 Naz.
1098 2314 1226 2380 post
1277 2324 1339 2361 ea
1378 2307 1660 2363 duodecim
1703 2306 1817 2361 fere
1877 2305 2090 2362 litterae
2135 2325 2318 2365 erasae
2363 2318 2562 2374 essent,

278 2427 485 2466 nomen
528 2410 793 2471 auctoris,
852 2427 881 2464 a
922 2426 1029 2482 quo
1081 2408 1215 2464 illud
1256 2417 1534 2482 acceptum
1578 2417 1751 2472 esset,
1801 2410 2130 2482 adscriptum
2175 2410 2344 2465 fuisse
2389 2414 2565 2487 suspi—

279 2519 520 2569 caretur.
610 2510 945 2568 Frontonem
986 2512 1031 2567 si
1061 2512 1317 2573 novisset,
1363 2510 1599 2567 fortasse
1644 2529 1710 2566 eo
1742 2511 1889 2584 quod
1928 2512 2068 2584 apud
2112 2529 2232 2567 eum
2276 2512 2370 2568 illa
2405 2514 2566 2571 verba

282 2614 489 2671 omissa
532 2604 675 2675 sunt,
720 2614 784 2668 ad
826 2612 1247 2669 confirmandam
1294 2630 1443 2668 suam
1490 2614 1816 2669 sententiam
1861 2630 1992 2669 usus
2039 2622 2201 2670 esset.
2287 2614 2358 2671 Ea
2404 2632 2566 2690 argu-

280 2723 469 2771 menta
511 2713 647 2769 nihil
692 2713 871 2771 valere
908 2732 1030 2771 cum
1072 2715 1438 2790 perspexisset
1476 2715 1770 2778 LinkeruS,
1829 2723 1913 2771 set
1969 2721 2146 2772 tamen
2186 2718 2398 2775 ratione
2437 2738 2566 2777 con·

283 2818 535 2873 nexionis
598 2816 1009 2881 obtenderetur,
1068 2817 1231 2872 verba
1284 2834 1417 2871 nam
1478 2819 1708 2873 morbus
1757 2850 1832 2857 —
1886 2820 1962 2874 ad
2009 2819 2115 2875 hoc
2171 2821 2355 2893 potius
2414 2822 2566 2878 uncis

284 2919 486 2976 additis
532 2918 769 2975 seclusit.
857 2920 929 2975 De
971 2937 1078 2993 quo
1135 2936 1199 2975 eo
1244 2917 1558 2991 diligentius
1605 2922 1974 2992 quaerundum
2014 2930 2124 2982 est,
2182 2923 2327 2995 quod
2380 2940 2566 2980 omues

284 3021 417 3077 libri
454 3038 615 3077 manu
659 3020 849 3094 scripti
895 3019 1117 3076 Sallusti
1174 3020 1267 3077 illa
1323 3021 1481 3078 verba
1539 3028 1722 3077 tenent
1766 3023 1831 3077 ad
1877 3040 2082 3096 eosque
2125 3024 2354 3079 adcessit
2397 3024 2568 3081 Fron·

286 3123 439 3180 tonis
464 3122 850 3186 testimonium,
887 3140 1209 3196 quamquam
1236 3124 1393 3180 verba
1416 3124 1591 3179 adfert
1619 3140 1727 3197 quo
1758 3124 2008 3179 ostendat
2034 3124 2152 3197 agri
2183 3134 2430 3183 naturam
2455 3144 2568 3183 non

286 3224 739 3300 praetereundam
783 3243 918 3287 esse,
961 3232 1139 3280 tamen
1180 3226 1313 3282 satis
1358 3242 1520 3298 grave
1569 3232 1625 3280 et
1661 3233 1886 3281 certum.
1965 3225 2072 3281 Iam
2117 3236 2179 3281 ut
2215 3228 2280 3283 ab
2326 3237 2567 3285 extremo

288 3326 559 3399 incipiam,
607 3325 654 3381 si
696 3325 856 3382 verba
893 3328 1128 3397 malifici
1149 3330 1377 3399 yeneris
1408 3330 1690 3399 pluruma
1731 3330 2006 3383 animalia
2051 3328 2168 3384 sine
2208 3329 2324 3386 ullo
2357 3330 2568 3389 vinculo

287 3426 740 3503 praecedentibus
784 3428 1224 3501 adiungerentur,
1269 3428 1558 3485 Sallustius
1614 3448 1680 3487 ne
1728 3430 1962 3487 sensisse
2011 3431 2224 3504 quidem
2269 3436 2569 3492 censendus

290 3537 476 3593 esset,
536 3546 696 3602 quam
747 3546 938 3602 parum
978 3531 1113 3586 ordo
1178 3548 1360 3587 rerum
1411 3542 1636 3589 naturae
1681 3534 2022 3597 conveniret,
2086 3552 2222 3611 quae
2264 3538 2571 3609 postularet

290 3641 352 3688 ut
396 3631 631 3705 prImum
670 3632 737 3688 de
782 3638 959 3687 terrae
1001 3639 1195 3690 natura
1231 3634 1518 3699 diceretur,
1566 3644 1680 3692 tum
1719 3636 1785 3691 ad
1825 3636 2042 3700 bestias,
2087 3638 2318 3712 denique
2365 3641 2428 3695 ad
2473 3641 2571 3697 ho-

292 3734 465 3789 mines
508 3733 661 3807 quasi
708 3733 1140 3789 adscenderetur.
1234 3736 1373 3793 Haec
1416 3756 1500 3801 se,
1565 3747 1720 3795 antea
1779 3738 2024 3803 oblitum,
2077 3757 2220 3797 nunc
2264 3758 2372 3797 non
2415 3760 2572 3816 prae-

296 3835 555 3891 tereunda
594 3842 815 3909 putare,
872 3842 1019 3891 certe
1066 3836 1249 3910 aliquo
1300 3839 1457 3911 siguo
1504 3840 1741 3897 indicare
1791 3843 2048 3905 debebat,
2099 3842 2258 3915 quale
2312 3843 2441 3915 quin
2495 3846 2576 3900 ad

294 3936 529 3998 hoe-sit,
579 3937 669 4010 qui
715 3954 871 3993 usum
914 3937 1029 3992 eius
1076 3939 1289 3995 noverit
1333 3938 1462 4012 (csr.
1508 3942 1619 3997 Cat.
1670 3950 1760 4005 14,
1809 3952 1856 4003 3.
1908 3950 2003 4006 17,
2051 3956 2100 4003 4.
2145 3950 2238 4005 21,
2286 3949 2334 4001 4.
2379 3951 2472 4007 30,
2519 3952 2568 4007 6.

296 4046 389 4101 31,
435 4044 485 4097 8.
526 4043 621 4100 37,
670 4047 749 4098 10.
792 4044 887 4101 44,
934 4045 983 4098 6.
1030 4048 1124 4103 53,
1168 4048 1217 4101 3.
1284 4042 1397 4115 lug.
1445 4050 1505 4105 6,
1554 4053 1601 4103 1.
1648 4051 1744 4105 31,
1789 4050 1873 4103 28.
1911 4050 1994 4107 49,
2039 4052 2088 4103 4.
2137 4050 2220 4105 67,
2264 4052 2309 4102 1.
2361 4054 2472 4108 111,
2517 4046 2570 4119 2)

297 4156 404 4196 non
448 4138 736 4195 dubitabit.
818 4140 894 4195 Eo
938 4141 1121 4197 addito
1168 4142 1509 4216 neglegentia
1557 4150 1712 4215 grata
1757 4144 1832 4198 fit.
1914 4145 2006 4201 Set
2047 4163 2367 4220 praegressa
2413 4148 2572 4205 verba

296 4241 575 4302 Linkerus‚
618 4242 798 4305 credo,
842 4260 958 4298 eam
1002 4244 1072 4299 ob
1116 4261 1359 4301 caussam
1404 4243 1662 4301 Sallustio
1704 4245 1920 4319 indigna
1965 4265 2086 4303 esse
2131 4247 2426 4305 arbitratus
2471 4259 2572 4315 est,

300 4344 443 4416 quod
488 4360 901 4419 supervacanea,
948 4345 1151 4420 quippe
1196 4364 1259 4401 ex
1304 4353 1459 4403 antea
1504 4346 1663 4405 dictis
1710 4364 1809 4423 per
1853 4366 1910 4405 se
1955 4349 2295 4427 conlegunda
2334 4358 2570 4428 putaret.
