3042 4917
513 306 595 369 38
1185 324 1791 369 conunnramomm
1836 324 1976 367 car.
2020 328 2116 367 111.

511 488 675 554 rupta
699 496 819 535 esse
845 485 898 535 et
922 477 1158 535 Cornelii
1180 496 1378 535 nomen
1404 479 1685 543 excidisse,
1713 479 1968 537 audacior
1990 480 2204 537 videtur
2218 474 2262 553 ¹)
2293 512 2389 545 —,
2412 500 2535 539 cum
2559 483 2795 557 denique

513 580 674 635 verba
717 566 796 649 ὥς
822 566 1262 655 ἀσπαζομένους
1313 600 1413 638 cur
1455 598 1527 661 ex·
1565 580 1787 651 Sallusti
1840 584 2011 638 sicuti
2046 584 2359 639 salutatum
2397 584 2583 659 potius
2633 602 2794 659 quam

511 699 576 737 ex
633 679 738 755 Cic.
789 700 873 757 pr.
933 682 1065 738 Sull.
1124 689 1213 745 18,
1271 689 1340 743 52
1397 685 1684 740 consulem
1736 684 2049 741 salutatum
2100 685 2457 759 interpretata
2512 686 2795 744 credamus

511 780 661 839 nulla
702 800 894 841 caussa
941 783 1216 847 videatur,
1275 800 1376 841 nec
1429 784 1603 858 magis
1646 768 1843 840 οὐκέτι
1888 782 2189 861 καρτερῶν
2232 802 2341 859 την
2383 779 2661 863 μέλλησιν
2704 787 2797 845 ill'a

514 882 738 940 Sallusti
783 888 962 943 multa
1009 888 1078 942 de
1118 888 1348 958 iynavia
1389 902 1588 943 eorum
1634 893 1868 959 questus
1906 888 2161 951 reddant,
2210 886 2346 944 nihil
2391 888 2513 947 inde
2556 888 2623 945 de
2668 906 2797 945 con-

512 985 739 1048 ditione,
786 1004 892 1060 qua
921 960 1143 1043 Sallusti
1183 986 1323 1042 liber
1365 988 1482 1044 eius
1525 995 1703 1045 aetate
1733 988 1916 1051 fuerit,
1953 988 2203 1047 concludi
2236 1007 2401 1064 posse
2430 970 2797 1065 manufestum

516 1094 616 1143 est.
701 1087 989 1147 Postremo
1035 1097 1097 1145 ut
1139 1086 1343 1162 largiar
1386 1090 1639 1175 Linkerq,
1686 1090 1828 1148 Plut.
1873 1108 1918 1148 c.
1950 1097 2015 1151 16
2060 1076 2139 1159 ὦς
2172 1077 2692 1167 ἀπολογησομένου
2732 1110 2797 1148 ex

517 1187 644 1245 Sall.
685 1188 796 1262 (31,
844 1188 898 1263 5)
942 1190 1346 1248 dissimulandi
1385 1165 1624 1249 caussa
1642 1194 1731 1248 vel
1776 1195 1871 1249 sui
1922 1193 2299 1266 expuryandi
2349 1193 2599 1256 relicuis,
2661 1212 2798 1268 quae

515 1290 874 1364 apertissume
915 1310 982 1349 ex
1023 1291 1128 1348 Cic.
1167 1292 1224 1347 in
1266 1291 1377 1348 Cat.
1422 1295 1464 1349 11
1509 1301 1567 1357 6,
1612 1300 1679 1353 12
1732 1301 1949 1368 sumpta
2004 1312 2125 1352 esse
2178 1295 2431 1369 adparet,
2489 1296 2799 1352 intermixta

519 1409 658 1457 esse,
707 1394 837 1467 quid
880 1394 1204 1453 firmamenti
1242 1393 1368 1450 inde
1413 1397 1531 1453 eius
1562 1396 1863 1452 sententiae
1907 1396 2155 1453 additur?

690 1512 927 1570 Transeo
979 1514 1044 1571 ad
1094 1516 1426 1589 Appianum,
1491 1530 1651 1611 quern
1709 1514 1878 1571 multa
1934 1513 2000 1570 ab
2057 1513 2315 1571 Sallustio
2358 1514 2631 1589 accepisse
2687 1532 2799 1573 non

519 1614 824 1685 negandum
853 1609 917 1688 2),
956 1623 1040 1671 set
1084 1616 1131 1671 si
1169 1619 1290 1691 quis
1335 1636 1401 1675 ex
1444 1634 1510 1673 eo
1554 1617 1621 1672 de
1661 1616 1809 1673 illius
1841 1615 1997 1703 libro,
2028 1614 2279 1672 concludi
2323 1616 2500 1679 vellet,
2545 1617 2798 1691 profecto

518 1714 688 1771 multa
713 1716 1030 1781 omittunda,
1054 1716 1222 1775 multa
1255 1717 1661 1793 transponunda
1684 1734 1804 1775 esse
1830 1718 1945 1793 ipse
1967 1716 2233 1775 Linkerus
2268 1718 2541 1792 persensit
2571 1738 2624 1793 p.
2658 1727 2692 1781 9
2718 1737 2801 1793 sq.

689 1832 951 1907 Superest
1004 1834 1176 1909 igitur
1233 1854 1374 1893 unus
1427 1836 1644 1893 Cassius
1698 1835 1811 1893 Dio
1902 1835 2046 1903 Quae
2102 1836 2148 1892 is
2203 1836 2427 1892 XXXVII
2469 1843 2537 1898 29
2595 1846 2801 1900 narrat,

515 1934 584 1989 de
628 1932 709 1989 eis
751 1936 894 2009 apud
936 1935 1250 1995 Sallustium
1294 1938 1448 1994 nihil.
1546 1938 1639 1995 Set
1676 1956 1724 1995 c.
1768 1944 1839 1997 30
1881 1938 2065 2011 pergit
2108 1956 2210 1993 και
2258 1925 2444 2005 οὕτως
2486 1926 2709 1994 ὕπατοί
2742 1955 2805 1994 τε

518 2027 704 2109 ετεροι
745 2022 1056 2113 ᾑρέθησαν
1094 2034 1195 2095 καὶ
1239 2034 1464 2107 ἐκεῖνος
1504 2027 1701 2096 οὐκέτι
1754 2029 1953 2115 λάθρα
1999 2025 2140 2096 ουδὲ
2195 2032 2292 2095 ἐπὶ
2331 2025 2439 2095 τόν
2489 2008 2804 2115 Κικέρωνα

517 2154 656 2205 τους
683 2154 745 2193 τε
779 2149 890 2193 συν
919 2128 1088 2218 αὐτῷ
1122 2131 1368 2215 μόνους,
1401 2128 1551 2197 ἄλλα
1581 2135 1682 2197 καὶ
1716 2134 1812 2196 ἔπι
1842 2138 1965 2196 πᾶν
2002 2128 2068 2197 τὸ
2098 2128 2303 2197 κοινὸν
2333 2128 2445 2214 τὴν
2479 2129 2804 2216 ἐπιβουλην

517 2232 781 2312 συνίστη.
849 2240 993 2308 Quae
1035 2244 1194 2300 verba
1232 2220 1386 2301 Link.
1434 2244 1750 2319 conparavit
1794 2261 1917 2301 cum
1964 2243 2091 2300 Sall.
2136 2250 2222 2306 26,
2258 2254 2289 2304 5
2332 2250 2639 2316 postquam
2683 2246 2805 2301 dies

517 2342 872 2397 comitiorum
918 2344 1066 2411 venit
1111 2351 1166 2401 et
1215 2346 1492 2402 Catilinae
1536 2360 1720 2416 neque
1743 2347 1944 2417 petitio
1973 2360 2157 2417 neque
2194 2341 2436 2403 insidiae
2480 2361 2627 2417 quas
2672 2362 2805 2402 con-

517 2443 738 2499 sulibus
773 2443 834 2499 in
881 2443 1090 2515 Campo
1131 2444 1363 2518 fecerat
1397 2461 1687 2519 prospere
1726 2462 1980 2514 cessere,
2025 2449 2316 2503 constituit
2356 2448 2561 2503 bellum
2599 2447 2807 2519 facere

517 2551 574 2600 et
613 2549 875 2600 eoetrema
906 2548 1095 2601 omnia
1124 2550 1406 2619 eoeperiri,
1447 2549 1716 2619 quoniam
1747 2564 1896 2620 quae
1931 2550 2149 2604 occulte
2185 2556 2566 2618 temptaverat
2592 2564 2807 2620 aspera

517 2645 807 2717 foedaque
847 2653 1187 2716 evenerant,
1243 2656 1328 2704 set
1384 2648 1506 2723 quis
1553 2655 1638 2703 est
1691 2650 1820 2722 quin
1872 2649 2049 2705 videat
2092 2650 2351 2707 maiorem
2396 2648 2807 2707 similitudinem

519 2764 643 2803 esse
686 2764 808 2803 cum
856 2754 936 2810 18,
977 2754 1006 2809 7
1056 2751 1170 2804 iam
1217 2757 1334 2806 tum
1373 2768 1488 2807 non
1532 2752 1859 2807 consulibus
1901 2753 2063 2807 modo
2084 2795 2097 2818 ‚
2153 2758 2240 2807 set
2284 2753 2585 2823 plerisque
2640 2767 2809 2807 sena-

519 2849 738 2904 toribus
772 2852 1092 2920 perniciem
1135 2852 1660 2910 machinabantur?
1745 2850 1889 2919 Quae
1934 2859 2241 2924 sequuntur
2284 2844 2348 2907 ἐκ
2379 2841 2491 2927 γὰρ
2532 2850 2639 2924 τῆς
2672 2838 2807 2909 Ρώ-

519 2968 634 3024 μης
657 2935 855 3063 αὐτῆς
892 2968 1032 3020 τους
1063 2969 1123 3008 τε
1156 2952 1476 3024 κακίστους
1501 2973 1603 3010 και
1629 2950 1860 3009 καινῶν
1894 2940 1991 3009 ἆεί
2018 2969 2158 3008 ποτε
2187 2944 2551 3030 πραγμάτων
2589 2948 2806 3010 ἐπιθυ-

519 3070 708 3126 μητας
739 3040 855 3107 κᾶκ
885 3050 1003 3109 τῶν
1045 3045 1368 3131 συμμάχων
1403 3045 1482 3126 ὡς
1526 3044 1619 3112 ότι
1650 3050 1977 3126 πλείστους,
2018 3052 2205 3132 χρεῶν
2245 3074 2305 3111 τε
2353 3043 2663 3123 αποκοπᾶς
2704 3050 2809 3111 καὶ

518 3152 630 3229 γῆς
678 3140 1055 3230 ἆναδασμους
1091 3144 1240 3213 ἄλλα
1283 3176 1345 3215 τε
1411 3152 1468 3229 ἐξ
1515 3176 1599 3215 ων
1648 3147 1901 3231 μάλιστα
1954 3148 2247 3212 δελεασειν
2294 3143 2511 3225 αὐτους
2560 3146 2811 3231 ἤμελλεν

519 3244 990 3332 υπισχνουμενος
1025 3256 1212 3332 σφίσι,
1243 3258 1485 3336 συνῆγε,
1513 3254 1617 3316 καὶ
1652 3248 1794 3327 τούς
1833 3276 1900 3333 γε
1931 3274 2202 3333 πρωτους
2232 3247 2433 3314 αὐτῶν
2466 3249 2808 3315 δυνατωτα-

519 3374 656 3426 τους
691 3337 868 3433 (ἦσαν
903 3353 966 3416 δὲ
997 3347 1164 3417 αλλοι
1196 3379 1257 3416 τε
1288 3356 1390 3417 καὶ
1410 3350 1736 3429 Ἀντωνὶος
1769 3346 1801 3416 ὅ
1829 3348 2077 3435 υπατος)
2126 3353 2227 3415 καὶ
2270 3354 2329 3428 ἐς
2372 3346 2677 3434 αθεμίτων
2703 3378 2807 3436 ορ-

521 3456 830 3532 κωμοσιῶν
869 3446 1144 3537 ἀνάγκην
1187 3454 1585 3539 προσήγαγε.
1608 3458 1794 3519 παῖδα
1840 3481 1954 3538 γαρ
2004 3479 2137 3517 τινα
2173 3450 2520 3530 καταθυσας
2564 3479 2665 3517 και
2712 3455 2811 3519 ἐπὶ

516 3558 638 3618 τῶν
668 3552 1021 3637 σπλάγχνων
1062 3548 1246 3619 αὐτοῦ
1276 3550 1347 3619 τὰ
1376 3553 1551 3640 ὅρκια
1582 3555 1865 3638 ποιήσας,
1917 3558 2117 3619 ἔπειτα
2152 3553 2618 3638 ε’σπλάγχνευσεν
2662 3550 2816 3621 αὐτὰ

522 3650 668 3737 μετὰ
694 3662 815 3721 τῶν
843 3650 1061 3736 ἄλλων,
1100 3682 1166 3721 ex
1198 3664 1324 3721 Sall.
1356 3685 1402 3722 c.
1437 3673 1501 3726 21
1538 3675 1594 3722 et
1628 3673 1697 3724 22
1741 3672 1972 3723 consuta
2016 3684 2137 3721 esse
2181 3682 2340 3722 nemo
2386 3665 2684 3737 negaverit,
2729 3674 2814 3722 set

597 3844 656 3911 1)
695 3846 1010 3899 Cornelium
1043 3848 1372 3899 Plutarchus
1417 3865 1484 3899 ex
1521 3845 1639 3899 cic:
1695 3846 1815 3897 Cat.
1855 3847 1883 3896 1
1918 3849 1969 3909 4,
1995 3846 2044 3896 9-
2054 3846 2121 3896 de
2160 3848 2351 3897 duobus
2386 3846 2635 3912 equitibus
2660 3846 2813 3897 dixe-

525 3949 602 3983 or.
641 3949 720 3998 pr.
761 3932 987 3983 Sullal.
1026 3950 1072 3984 c.
1113 3940 1372 3997 noverat,
1413 3934 1639 3998 eiusque
1694 3937 1800 3994 rat,
1829 3937 1924 3982 aut
1951 3931 2223 3993 Sallustio
2242 3932 2307 3981 de
2333 3932 2693 3996 Vargunteio·
2704 3948 2813 3981 non

524 4034 721 4067 nomen
760 4017 904 4083 apud
942 4034 1062 4068 eum
1108 4036 1205 4084 pro
1242 4010 1516 4083 Μαρκιον
1558 4035 1641 4067 re·
1696 4016 1949 4079 credidit,
1991 4022 2085 4067 aut
2123 4017 2445 4081 Cethegum,
2491 4016 2812 4067 audacissu-

524 4102 858 4152 stituendum
913 4120 1131 4154 censeo.
1214 4098 1490 4169 Κέθηγον
1537 4119 1641 4168 quo
1694 4118 1837 4151 mum
1874 4102 2309 4164 coniuratorum,
2358 4102 2591 4151 alterum
2638 4101 2811 4151 fuisse

527 4186 703 4237 minus
740 4192 1026 4251 mutemus,
1064 4189 1249 4239 obstat
1284 4188 1525 4253 Appiani
1561 4192 1641 4237 te-
1694 4186 1985 4236 divinavit.

526 4272 865 4336 stimonium,
917 4274 1011 4338 qui
1057 4272 1289 4323 eundem
1335 4274 1393 4323 in
1447 4272 1642 4323 eadem
1762 4270 1822 4334 2)
1859 4272 2050 4335 Neque
2088 4286 2293 4335 negare
2331 4271 2570 4321 voluisse
2608 4270 2813 4336 Hagen

525 4372 586 4407 re
623 4357 887 4407 nominat.
960 4358 1188 4408 Scilicet
1235 4357 1378 4423 quod
1416 4356 1532 4406 Cic.
1582 4357 1639 4405 in
1693 4356 1814 4406 Cat.
1854 4372 1907 4420 p.
1949 4353 2011 4405 18
2046 4360 2196 4421 puto.
2602 4364 2605 4373 ·

3011 1300 3017 1347 --.
3006 853 3018 1263 ῌ-Αψ
3009 808 3017 833 ⁸

3005 2185 3021 2730 v*2-1—
3009 1890 3019 2143 ——.„⁴-—-
3010 1718 3018 1857 -—-——.
3008 1454 3020 1691 -ι
3008 1382 3019 1434 ιιι-
