3042 4917
536 241 619 308 96
1217 221 1832 315 οὸΝΜΕΝΤᾼτιοΝυΜ
1853 251 2024 315 'cAr.
2068 271 2155 316 1v.

537 422 713 480 oratio
760 419 979 496 obliqua
1030 422 1097 478 ab
1155 423 1319 480 verbo
1364 441 1429 480 ex
1472 441 1801 498 praegresso
1845 427 2137 500 cogitando
2188 425 2448 501 pendeat,
2505 427 2828 502 particulam

536 523 894 600 copulativam
930 541 1041 580 non
1080 525 1217 580 addi.
1293 525 1477 600 Neque
1522 526 1680 590 ratio,
1721 545 1820 583 cur
1865 527 1992 584 Sall.
2030 529 2096 584 ab
2135 547 2202 585 eo
2241 530 2520 586 constanti
2565 547 2672 585 usu
2701 529 2753 584 h.
2787 528 2826 583 l.

534 626 811 683 discedere
861 624 1123 688 voluerit,
1182 625 1291 682 ulla
1350 627 1543 702 idonea
1599 628 1890 703 reperitur.
1971 630 2262 687 Librorum
2323 630 2560 703 denique
2616 630 2676 686 in
2732 630 2832 686 hac

535 735 691 802 parte
730 727 925 800 exigua
966 725 1101 783 fides
1142 735 1243 783 est.
2821 705 2836 724 ξ

706 829 763 883 111
796 828 1042 884 oratione
1080 828 1351 903 Bocchi-c.
1394 837 1494 889 110
1518 833 1776 901 pretium
1817 831 2090 905 glossema
2141 849 2278 894 esse,
2327 850 2660 908 quamquam
2694 833 2823 888 adeo

454 999 461 1008 .
538 938 793 1005 optumos
841 929 1011 985 libros
1056 909 1221 985 veluti
1257 929 1315 990 §B
1358 930 1676 1004 inquinavit,
1721 951 1786 988 ex
1825 934 2082 1012 varietate
2119 933 2424 1006 scripturae
2471 951 2583 990 non
2631 934 2825 994 minus,

538 1047 700 1106 quam
744 1049 807 1087 ex
848 1031 1149 1087 sententiae
1187 1031 1519 1089 obscuritate
1549 1063 1622 1074 -
1650 1051 1772 1089 nam
1797 1051 1958 1108 quam
1982 1035 2278 1106 Bojesenus
2309 1043 2533 1092 auctore
2559 1035 2826 1108 Madvigio

537 1134 659 1190 iniit
704 1131 1003 1208 explicandi
1044 1133 1339 1190 rationem:
1398 1134 1582 1190 ‘suerit
1637 1135 1742 1191 hoc
1781 1135 1988 1209 ipsum,
2043 1135 2190 1210 quod
2250 1135 2545 1208 aliquando
2595 1155 2704 1210 ope
2751 1139 2830 1193 in-

536 1236 713 1309 digui,
770 1233 1037 1312 pretium,
1090 1253 1201 1310 quo
1249 1235 1541 1292 amicitiam
1586 1242 1734 1292 tuam
1773 1237 2025 1300 emerim,
2069 1253 2174 1310 qua
2217 1237 2395 1294 carius
2439 1237 2578 1293 nihil
2615 1239 2829 1301 haheo’,

534 1337 773 1394 contorti
810 1336 1017 1410 aliquid
1058 1336 1257 1419 habere
1286 1337 1372 1392 vix
1408 1353 1731 1411 quemquam
1770 1346 2093 1410 negaturum
2138 1355 2258 1394 esse
2303 1339 2466 1395 credo
2507 1369 2583 1380 -——
2613 1347 2832 1397 certum

536 1447 621 1496 est
665 1437 788 1510 (vid.
834 1444 1115 1512 praeterea
1160 1455 1297 1512 quae
1342 1437 1484 1494 infra
1527 1438 1596 1495 de
1636 1438 1760 1496 loco
1809 1439 1922 1513 lug.
1969 1448 2018 1503 3,
2067 1449 2093 1500 1
2144 1433 2610 1515 disputabuntur).
2681 1442 2831 1498 Infra

536 1549 570 1602 3
596 1557 719 1596 cum
751 1532 965 1612 P³Bg³y
1008 1539 1111 1594 tibi
1150 1539 1420 1602 omittant,
1457 1535 1510 1596 s²
1541 1547 1670 1614 post
1705 1543 1988 1598 redditam
2025 1540 2236 1603 habeat,
2275 1554 2506 1615 cum'que
2538 1543 2598 1599 in
2630 1552 2830 1618 aperto

534 1643 609 1699 sit
662 1658 760 1698 cur
802 1639 1011 1695 librarii
1059 1640 1110 1695 id
1149 1640 1491 1698 adiciundum
1535 1642 1868 1716 putaverint,
1916 1641 2187 1716 glossema
2233 1643 2286 1698 id
2331 1659 2452 1699 esse
2499 1643 2701 1707 iudico,
2748 1652 2832 1701 at-

538 1761 643 1818 que
687 1742 821 1798 adeo
865 1741 1077 1796 videtur
1110 1741 1241 1797 mihi
1301 1741 1396 1798 illo
1449 1743 1632 1800 deleto
1679 1743 1758 1800 vis
1803 1745 2062 1824 quaedam
2103 1744 2278 1800 maior
2319 1745 2375 1800 in
2421 1745 2700 1802 sententia
2746 1726 2834 1802 in·

534 1863 672 1902 esse.
752 1844 886 1900 Tum
926 1848 960 1902 6
1003 1842 1163 1918 volgo
1200 1843 1461 1901 edebatur
1504 1846 1706 1900 bellum
1748 1860 1853 1917 eqo
1896 1848 2114 1917 populo
2159 1845 2421 1902 Romano
2466 1863 2653 1920 neque
2705 1847 2837 1920 feci

534 1963 716 2020 neque
754 1946 981 2019 factum
1024 1962 1293 2017 umquam
1338 1949 1519 2008 volui‚·
1540 1947 1714 2018 finis
1763 1962 1917 2005 meos
1975 1949 2281 2004 advorsum
2327 1955 2586 2004 armatos
2641 1954 2834 2006 armis

474 2069 488 2076 ·
534 2057 753 2108 tutatus
794 2065 937 2105 sum.
1020 2047 1097 2103 lbi
1149 2047 1205 2108 {13
1250 2050 1460 2120 adfinis
1513 2063 1667 2104 meos
1715 2049 1962 2113 exhibet,
2021 2049 2167 2123 quod
2225 2049 2476 2124 probavit
2531 2050 2829 2108 Linkerus.

534 2153 627 2209 Set
666 2153 775 2208 sive
816 2152 883 2208 (le
938 2150 1195 2208 finitumis
1256 2150 1459 2207 adcolis
1513 2151 1670 2224 regni
1713 2150 2102 2215 Mauretaniae,
2149 2152 2261 2208 sive
2308 2152 2375 2208 de
2419 2153 2828 2209 necessitudine

535 2255 763 2328 quadam
806 2252 1111 2310 coniunctis
1157 2251 1211 2308 id
1251 2251 1574 2309 vocabulum
1609 2251 1923 2326 intelleges,
1978 2270 2041 2308 ea
2099 2252 2369 2310 sententia
2427 2270 2550 2309 cum
2599 2270 2828 2328 praece-

532 2358 693 2413 dente
735 2371 847 2412 non
888 2354 1160 2426 congruit.
1230 2353 1361 2411 Nam
1386 2355 1478 2428 qui
1508 2355 1624 2428 ipse
1663 2353 1812 2410 nulla
1857 2353 2053 2410 iniuria
2096 2353 2382 2412 lacessitus
2429 2353 2512 2410 vel
2555 2353 2828 2412 finitumis

534 2457 616 2514 vel
661 2455 981 2514 necessariis
1027 2455 1139 2512 suis
1180 2455 1441 2513 auxilium
1484 2455 1610 2520 sert,
1652 2455 1858 2514 bellum
1896 2456 1963 2518 ei,
2005 2455 2292 2512 advorsum
2323 2473 2485 2530 quem
2514 2455 2644 2512 illos
2674 2464 2825 2512 tuta-

536 2568 650 2621 tur,
712 2559 857 2614 facit.
944 2555 1087 2610 Nihil
1140 2555 1287 2612 aliud
1338 2557 1608 2632 Bocchus,
1659 2564 1722 2614 ut
1765 2557 1967 2614 bellum
2007 2557 2073 2613 ab
2121 2575 2179 2614 se
2226 2558 2487 2615 advorsus
2541 2558 2824 2615 Romanos

534 2667 848 2736 susceptum
892 2665 1126 2732 excuset,
1173 2657 1351 2714 dicere
1382 2666 1582 2732 potest,
1631 2659 1736 2716 nisi
1774 2659 1920 2732 quod
1955 2659 2060 2715 iam
2093 2666 2212 2722 102,
2247 2667 2312 2718 12
2345 2669 2822 2718 conmemoratum

534 2770 633 2826 est,
680 2779 738 2818 se
780 2759 903 2816 finis
948 2777 1079 2816 suos
1121 2766 1313 2816 contra
1355 2760 1486 2816 Mari
1529 2761 1871 2826 incursiones
1912 2761 2240 2818 defendisse.
2325 2764 2504 2835 Atque
2562 2761 2615 2816 id
2659 2778 2822 2835 prae-

532 2863 847 2923 cedentibus
884 2878 1006 2919 cum
1050 2861 1313 2935 gravitate
1364 2863 1594 2937 quadam
1637 2862 2024 2936 obponundum
2079 2862 2212 2926 fuit,
2257 2864 2512 2958 quoniam
2559 2879 2680 2918 sese
2733 2881 2822 2918 ar

532 2968 635 3025 mis
674 2985 796 3024 cum
834 2966 1085 3022 Romanis
1128 2982 1401 3040 pugnasse
1442 2981 1643 3038 negare
1684 2982 1860 3039 neque
1899 2963 2116 3021 volebat
2159 2983 2334 3040 neque
2365 2971 2600 3039 poterat.
2669 2963 2820 3038 Ergo

532 3078 594 3128 at
630 3072 783 3143 fini-s,
829 3069 975 3143 quod
1017 3067 1171 3131 libri,
1214 3068 1307 3142 qui
1350 3066 1644 3124 secundum
1689 3065 1748 3126 Q
1785 3065 1997 3140 optumi
2041 3071 2200 3130 sunt,
2245 3067 2500 3129 exhibent
2544 3072 2694 3123 recte
2739 3067 2824 3122 di-

531 3181 680 3230 ctum
714 3189 835 3228 esse
876 3171 1116 3245 adparet,
1156 3177 1211 3226 et
1250 3187 1372 3226 cum
1418 3169 1482 3226 ad
1526 3168 1650 3225 illos
1685 3169 1738 3228 Q
1783 3168 2040 3226 adcedere
2074 3169 2320 3226 videatur
2365 3197 2438 3208 -—
2485 3166 2631 3224 sacili
2673 3169 2820 3225 enim

532 3291 721 3332 errore
765 3276 843 3330 ad
882 3290 985 3347 pro
1026 3280 1087 3329 at
1130 3272 1391 3346 scriptum
1436 3289 1558 3328 esse
1599 3271 1965 3334 manufestum
1997 3278 2084 3327 est
2119 3301 2192 3312 ———
2242 3269 2388 3344 quod
2430 3268 2624 3325 relicui
2655 3271 2824 3326 omit-

531 3384 656 3434 tunt
696 3393 806 3432 non
862 3375 999 3431 tanti
1046 3373 1356 3430 faciundum
1409 3381 1524 3437 est,
1581 3372 1904 3447 praesertim
1964 3391 2087 3430 cum
2128 3372 2384 3428 librarios
2429 3373 2819 3446 asyndetorum

532 3477 999 3534 restituendorum
1038 3493 1149 3532 non
1192 3475 1370 3532 minus
1410 3476 1710 3538 studiosos,
1765 3492 1924 3549 quam
1971 3474 2360 3549 particularum
2409 3473 2820 3531 adiciundarum

532 3579 701 3636 fuisse
745 3584 977 3635 constet.
1059 3579 1343 3635 Postremo
1388 3579 1435 3634 si
1482 3583 1515 3640 7
1567 3581 1630 3636 id
1689 3594 1812 3633 cum
1849 3577 2033 3640 libris,
2095 3576 2336 3650 quamvis
2394 3594 2505 3632 non
2555 3577 2818 3650 optumiS,

530 3690 711 3738 tamen
754 3681 887 3738 satis
929 3680 1117 3738 multis
1159 3679 1460 3745 omittatur,
1494 3681 1681 3737 eadem
1711 3680 1776 3736 de
1804 3679 1860 3734 h.
1891 3678 1927 3734 1.
1958 3678 2230 3743 valebunt,
2283 3695 2420 3754 quae
2465 3695 2630 3752 supra
2660 3694 2716 3753 p.
2751 3683 2820 3739 76

528 3787 595 3845 de
641 3791 723 3849 14,
767 3794 800 3846 5
840 3784 1045 3841 monita
1090 3791 1234 3841 sunt.
1396 3775 1429 3804 ‘

698 3889 810 3962 lug.
856 3894 973 3964 112,
1004 3895 1038 3946 2
1088 3904 1199 3945 non
1238 3887 1392 3944 video
1436 3903 1536 3943 cur
1565 3887 1979 3958 proficiscitur,
2028 3884 2174 3959 quod
2208 3882 2460 3959 plerique
2503 3881 2632 3938 libri
2666 3890 2818 3939 tuen-

529 3999 636 4054 tur,
683 3992 749 4055 ei,
798 3990 944 4065 quod
980 3991 1157 4048 minus
1188 3997 1441 4047 testatum
1473 3994 1574 4051 est,
1613 3990 1763 4044 venit
1799 3986 2212 4061 posthabeatur.
2286 3985 2379 4041 Set
2409 3985 2463 4040 id
2496 3984 2672 4041 levius
2703 3992 2815 4048 est;

528 4092 745 4169 gravius
798 4094 1051 4150 mendum
1104 4093 1396 4150 admissum
1436 4108 1558 4148 esse
1612 4090 1828 4146 videtur
1871 4089 2012 4145 infra
2053 4095 2114 4150 3,
2181 4086 2274 4144 uhi
2330 4087 2707 4143 vetustissumi
2761 4092 2816 4141 et

528 4195 737 4271 optumi
781 4193 909 4251 libri
959 4195 1214 4250 exhibent
1256 4195 1443 4265 ibique
1484 4193 1596 4248 sibi
1637 4190 1855 4247 Sullam
1903 4192 2193 4253 traderem
2235 4207 2366 4246 cum
2410 4189 2580 4244 talem
2627 4189 2813 4244 virum

527 4301 586 4356 in
624 4303 965 4370 potestatem
1008 4296 1299 4352 habuisset
1342 4299 1458 4350 tum
1498 4292 1633 4366 fore
1677 4295 1763 4348 uei
1789 4295 1950 4350 iussu
1981 4298 2217 4350 senatus
2247 4297 2350 4348 aut
2367 4292 2572 4362 populi
2602 4289 2816 4362 foedus
