3042 4917
793 973 988 1054 GAI
1043 972 1561 1054 SALLVSTI
1616 971 1963 1055 CRISPI

1263 1177 1488 1226 LIBER

615 1354 770 1440 DE
843 1351 1252 1441 BELLO
1333 1351 2161 1444 IVGVRTHINO.

1206 1603 1542 1614 ——-—-—...

163 1804 182 1862 1
414 1783 604 1870 Falso
655 1803 922 1881 queritur
971 1801 1044 1862 de
1100 1808 1308 1862 natura
1354 1819 1458 1862 sua
1501 1817 1688 1878 genus
1734 1780 2119 1873 liumanum‚⁰
2146 1806 2303 1885 quod
2343 1806 2507 1867 inbe-

153 1919 184 1966 2
224 1903 360 1964 oilla
410 1911 584 1984 atque
637 1905 761 1964 aevi
814 1903 1012 1964 brevis
1066 1903 1218 1964 forte
1273 1905 1468 1982 potius
1526 1922 1701 1982 quam
1748 1906 1960 1965 virtute
2012 1913 2270 1982 regatur.
2360 1909 2508 1969 Nam

225 2013 438 2067 eontra
481 2004 812 2087 reputando
863 2023 1056 2083 neque
1111 2007 1298 2066 maius
1355 2004 1510 2066 aliud
1562 2024 1751 2086 neque
1793 2006 2207 2089 praestabilius
2249 2010 2509 2070 invenias

223 2111 534 2190 magisque
575 2113 820 2168 naturae
857 2107 1204 2168 industriam
1246 2108 1551 2168 hominum
1594 2126 1770 2186 quam
1813 2111 1929 2170 vim
1982 2116 2081 2170 aut
2134 2115 2365 2189 tempus
2405 2112 2505 2172 de-

153 2227 187 2278 3
228 2230 380 2272 esse.
477 2210 577 2271 Set
635 2209 754 2270 dux
811 2217 984 2288 atque
1028 2212 1328 2288 inperator
1377 2211 1528 2272 vitae
1582 2210 1917 2272 mortalium
1972 2213 2199 2272 animus
2241 2219 2353 2274 est:
2410 2215 2549 2292 qui5

405 2397 450 2446 1.
489 2396 868 2461 Conferepdus
905 2401 990 2446 est
1025 2396 1221 2447 Senee.
1261 2397 1393 2447 dial.
1431 2398 1501 2460 X,
1541 2397 1606 2448 de
1633 2399 1783 2448 brev.
1809 2398 1959 2449 vitae
1988 2415 2035 2448 e.
2067 2399 2111 2448 l.
2152 2401 2339 2462 Quint.
2368 2401 2503 2450 Inst.

225 2482 306 2515 or.
344 2466 424 2514 IX
458 2466 510 2527 4,
547 2465 638 2514 77:
676 2481 776 2514 non
809 2470 1000 2516 minore
1035 2473 1197 2515 autem
1242 2482 1369 2515 cura
1401 2469 1657 2516 vitandum
1690 2474 1768 2516 est
1803 2468 2045 2532 quidquid
2078 2474 2157 2517 est
2193 2463 2505 2533 ἔνρυθμον,

226 2537 378 2600 quale
415 2535 555 2597 apud
588 2533 876 2583 Sallustium
911 2533 1056 2584 falso
1095 2533 1340 2599 queritur
1376 2534 1442 2583 de
1490 2539 1692 2584 natura
1738 2550 1839 2584 sua
1885 2535 2067 2599 (Eum
2101 2537 2129 2584 I
2168 2535 2221 2595 1,
2275 2535 2299 2584 1
2350 2538 2507 2586 Ituna

223 2607 428 2651 locum
463 2600 749 2650 Sallusti
781 2604 1088 2651 imitatum
1123 2617 1264 2652 esse
1299 2618 1469 2652 nemo
1517 2604 1779 2664 infitias
1815 2602 1987 2665 ibit).
2068 2604 2250 2653 Diom.
2287 2621 2340 2670 p.
2377 2603 2503 2654 4682

227 2671 522 2720 Sallustium
542 2684 736 2734 quoque
755 2671 806 2717 in
818 2672 1075 2733 principio
1100 2670 1379 2734 Iugurthae
1403 2687 1436 2720 a
1459 2671 1688 2734 rhythmo
1714 2672 1959 2736 coepisse.
1981 2699 2047 2706 —-
2067 2672 2282 2722 Charis.
2303 2689 2355 2737 p.
2383 2671 2504 2722 199:

224 2739 385 2787 Falso
419 2763 486 2772 —
520 2740 568 2786 si
597 2736 896 2786 subauditur
929 2740 1196 2797 iudicio,
1243 2754 1420 2788 nomen
1467 2745 1561 2788 est.
1646 2740 1913 2789 Sallustius
1948 2746 2112 2790 tamen
2148 2741 2509 2790 adverbialiter

227 2807 396 2855 discit:
435 2804 577 2854 falso
615 2805 862 2868 queritur
897 2804 964 2854 de
1000 2811 1202 2856 natura
1239 2821 1340 2856 sua
1377 2822 1549 2872 genus
1584 2807 1894 2857 humanum.
1931 2835 2000 2842 —
2033 2810 2236 2859 Donat.
2277 2808 2348 2858 ad
2381 2810 2506 2858 Ter.

225 2872 398 2922 Andr.
437 2873 518 2921 III
553 2873 613 2936 2,
655 2872 748 2922 25:
789 2879 967 2938 potest
1011 2880 1063 2922 et
1109 2869 1412 2939 εἰρωνικῶς
1449 2875 1589 2937 falso
1627 2878 1981 2938 pronuntiari,
2030 2883 2201 2939 potest
2236 2883 2285 2926 et
2326 2877 2365 2940 f
2369 2881 2507 2926 also

227 2944 520 3006 loqueris
556 2942 670 2999 dici,
705 2947 762 2990 ut
795 2940 1063 2991 Sallustius
1100 2943 1241 2992 falso
1267 2943 1512 3006 queritur
1537 2943 1603 2992 de
1640 2948 1839 2992 natura
1864 2957 1963 2992 sua
1996 2943 2289 2993 humanum
2316 2959 2507 3009 genus.

226 3036 298 3043 -—
335 3007 486 3058 Serv.
527 3009 599 3058 ad
630 3009 798 3073 Verg.
835 3009 970 3060 Aen.
1010 3010 1088 3060 IV
1119 3010 1247 3060 415:
1286 3017 1337 3060 et
1367 3012 1632 3073 frustra
1667 3027 1737 3060 ex
1770 3013 1957 3060 iudicio
1986 3015 2179 3076 poe‘tae
2205 3013 2388 3062 dictum
2411 3019 2505 3061 est.

227 3076 320 3126 Sic
364 3077 662 3126 Sallustius.-
712 3076 854 3126 falso
903 3079 1147 3141 queritur
1191 3079 1258 3128 de
1306 3083 1506 3127 natura
1552 3094 1653 3128 sua
1699 3093 1873 3144 genus
1918 3079 2229 3130 humanum.
2310 3079 2508 3132 Id..ad

227 3143 311 3193 XI
357 3143 485 3193 581:
541 3149 776 3194 multae
831 3147 1004 3194 illam
1046 3143 1347 3211 frustra]
1391 3153 1657 3212 antequam
1703 3162 1809 3195 rem
1854 3148 2073 3206 diceret,
2117 3149 2505 3211 praeiudicavit.

225 3211 318 3261 Sic
374 3210 674 3262 Sallustius:
730 3213 872 3262 falso
929 3214 1175 3278 queritur
1221 3214 1288 3263 de
1348 3219 1549 3264 natura
1594 3229 1695 3264 sua,
1754 3229 1927 3280 genus
1985 3214 2297 3264 humanum.
2377 3215 2507 3264 Nam

227 3287 497 3345 antequam
532 3281 728 3330 diceret
762 3283 1025 3345 queritur,
1065 3281 1207 3332 falso
1244 3284 1394 3332 davit.
1430 3310 1499 3317 —
1537 3282 1761 3333 Cledon.
1797 3299 1850 3348 p.
1882 3280 2037 3332 1921:
2078 3281 2119 3332 0
2154 3299 2283 3349 quae
2311 3285 2507 3348 produ-

223 3353 410 3397 cuntur
445 3365 478 3397 a
511 3351 792 3398 masculinis
814 3355 1027 3408 veniunt,
1067 3356 1118 3398 et
1149 3354 1322 3400 melius
1344 3352 1492 3401 iuxta
1515 3353 1739 3416 regulam
1771 3353 1825 3400 in
1858 3367 1886 3400 e
1911 3353 2171 3411 caderent,
2208 3359 2263 3401 ut
2293 3353 2469 3414 false
2491 3389 2505 3414 ‚

223 3422 360 3465 sicut
394 3418 582 3467 docte
593 3435 613 3474 ;
647 3418 743 3466 sed
775 3420 1054 3467 auctoritas
1086 3419 1138 3467 in
1174 3424 1212 3468 θ’
1239 3423 1465 3478 mutavit,
1513 3426 1569 3468 ut
1603 3419 1747 3469 falso
1786 3420 2031 3484 queritur
2066 3421 2133 3470 de
2170 3425 2371 3470 natura
2406 3435 2507 3470 sua.

227 3498 404 3549 genus
448 3484 744 3533 humanum
763 3523 775 3547 ,
833 3492 885 3534 et
928 3492 1028 3535 ista
1061 3487 1178 3550 ipsa
1204 3489 1545 3551 producenda
1586 3494 1716 3537 sunt.
1778 3515 1840 3523 —-
1892 3488 2123 3553 August.
2174 3489 2241 3538 de
2280 3504 2504 3554 gramm.

225 3568 278 3616 p.
320 3550 480 3601 2011:
529 3552 658 3602 Sunt
701 3553 945 3602 adverbia
984 3555 1260 3604 communia
1303 3572 1410 3605 eum
1455 3557 1569 3606 aliis
1610 3556 1845 3620 partibus
1880 3560 2142 3608 orationis.
2215 3557 2523 3608 Nominibus

223 3626 345 3668 sunt
377 3625 662 3679 eommunia,
699 3627 754 3670 ut
789 3627 864 3670 ait
897 3620 1166 3672 Sallustius
1201 3623 1345 3673 falso
1371 3625 1621 3689 queritur
1645 3624 1711 3674 de
1748 3629 1947 3674 natura
1984 3641 2085 3675 sua
2121 3641 2294 3691 genus
2318 3625 2505 3682 huma-

226 3703 356 3736 num
390 3704 490 3752 pro
529 3689 721 3751 false.
768 3717 836 3724 —-
871 3688 1089 3740 Vindio.
1130 3690 1199 3739 ad
1235 3692 1365 3758 imp.
1403 3692 1684 3743 Valentin-
1709 3693 1842 3758 Ep..·
1877 3710 1985 3743 cum
2017 3709 2175 3758 saepe
2211 3720 2276 3728 —
2312 3694 2512 3742 humani

219 3761 432 3820 yeneris
461 3757 724 3821 fragilitas
754 3758 892 3820 falso
929 3759 992 3808 de
1027 3763 1216 3808 natura
1247 3776 1342 3810 sua
1379 3766 1639 3826 queratur.
1678 3783 1681 3786 ⁴

404 3969 447 4019 l.
499 3985 599 4020 sua
634 3985 727 4021 om.
764 3967 887 4032 Eo),
943 3971 1119 4021 Comm.
1157 3977 1376 4022 testante
1417 3973 1660 4030 Gruter-0,
1708 3987 1818 4036 sup.
1857 3973 1941 4020 lin.
1980 3970 2071 4020 m1.
2159 3971 2225 4021 de
2272 3986 2374 4022 sua
2410 3987 2507 4022 na-

225 4043 352 4088 tura
389 4035 645 4103 p³p⁵g¹g⁵.
739 4053 914 4104 genus
959 4038 1238 4089 hominum
1283 4039 1486 4090 MM1F.
1559 4038 1852 4098 humanum
1901 4055 2073 4105 genus
2116 4037 2277 4104 p⁵g⁴r.
2353 4039 2507 4089 inbe-

229 4104 364 4155 cilla.
399 4102 852 4157 PP¹P²P³P⁴mm¹
881 4104 1012 4170 (sup.
1039 4108 1130 4157 vel
1155 4107 1264 4172 um)
1291 4104 1826 4173 m²g²g³g⁷ss²lr6u&.
1876 4131 1942 4142 —-
1987 4108 2037 4156 2.
2076 4108 2216 4157 forte
2256 4108 2387 4172 (sup.
2416 4108 2507 4157 vel

228 4173 472 4238 fortuna)
499 4189 542 4224 s.
615 4174 836 4223 fortuna
870 4175 1054 4238 potius
1093 4175 1156 4224 G.
1230 4181 1375 4225 sorte
1415 4172 1547 4239 P⁴g⁶
1572 4173 1666 4237 (ex
1684 4173 1859 4241 'conr-J
1883 4174 1905 4224 1
1930 4171 2024 4238 (ex
2047 4175 2233 4239 eorm).
2308 4181 2508 4224 natura.

219 4240 360 4307 fisup.
391 4240 556 4306 forte)
582 4242 646 4290 E.
684 4269 751 4276 —
800 4240 849 4306 3.
891 4242 1043 4292 aliud
1080 4241 1210 4307 (sup.
1240 4241 1469 4308 aliquid)
1507 4241 1625 4294 P1s.
1694 4242 1864 4306 aliud,
1900 4259 2012 4307 sup.
2050 4244 2141 4293 vel
2178 4243 2386 4308 aliquid
2418 4244 2509 4292 vel

230 4310 523 4374 quicquam
557 4306 643 4359 P4.
716 4310 927 4376 aliquid
971 4309 1106 4376 g¹g².
1181 4311 1331 4360 aliud
1377 4311 1555 4360 maius
1590 4309 1665 4376 ΡΒ.
1762 4311 2016 4362 invenies
2050 4309 2403 4378 pp¹p⁸p⁵p⁸m¹
2444 4309 2509 4375 (e

228 4379 278 4426 in
301 4377 434 4441 ras.)
462 4375 831 4443 gg¹g⁴g⁵g⁶g⁷s
857 4377 932 4442 (in
955 4378 1088 4443 ras.)
1115 4377 1354 4446 s¹s²lrhy.
1395 4407 1458 4416 -—-
1493 4380 1543 4430 5.
1582 4378 1896 4432 mortalium
1930 4375 2082 4432 vitae
2116 4379 2203 4432 1³³.
