3042 4917
1045 681 1777 805 PRAEFATIO.

450 933 614 1018 Cum
649 974 884 1035 semper
919 958 1114 1016 animo
1144 974 1278 1015 meo
1317 956 1573 1016 recurrit
1606 956 2041 1017 iocundissuma
2080 957 2230 1017 ilh'us
2272 961 2555 1037 temporis

269 1074 630 1144 recordatio,
675 1075 832 1153 quod
876 1082 1010 1135 ante
1049 1074 1158 1134 hos
1205 1076 1310 1133 tris
1349 1092 1535 1133 annos
1575 1062 1806 1134 Monaci
1848 1078 2108 1153 transegi
2152 1082 2209 1136 et
2250 1094 2357 1154 per
2400 1076 2556 1155 quod

271 1193 484 1253 cotidie
535 1194 985 1262 consuetudine,
1046 1192 1386 1271 conloqui0,
1444 1193 1621 1252 domo
1666 1192 1794 1253 Tua
1840 1212 1981 1254 usus
2025 1212 2185 1264 sum,
2240 1201 2363 1255 tum
2408 1213 2557 1254 nun-

272 1329 450 1389 quam
495 1312 718 1388 gratior
762 1318 820 1376 et
857 1314 1043 1389 magis
1081 1312 1237 1380 viva,
1285 1330 1461 1391 quam
1503 1330 1662 1373 nunc
1708 1312 1809 1371 ubi
1852 1313 2011 1373 hunc
2055 1312 2270 1373 librum
2312 1314 2557 1373 emissu-

273 1448 378 1489 rus
428 1446 580 1490 sum.
681 1430 768 1490 Ad
823 1449 998 1509 quem
1057 1432 1248 1508 ipsum
1305 1431 1634 1510 parandum
1700 1430 2225 1511 instruendumque
2287 1432 2407 1509 Tu,
2474 1434 2560 1491 vir

275 1549 681 1619 amicissume,
732 1568 826 1609 me
865 1566 986 1609 non
1017 1550 1196 1639 modo
1241 1548 1496 1610 consiliis
1540 1550 2032 1627 prudentissnmis
2077 1570 2145 1611 ac
2190 1545 2562 1611 doctissumis

278 1668 597 1728 excitavisti
653 1688 722 1728 ac
780 1668 1085 1738 monuisti,
1141 1687 1343 1728 verum
1412 1666 1613 1739 etiam,
1640 1670 1837 1729 multis
1895 1672 2240 1748 magnisque
2300 1688 2564 1730 summae
2644 1672 2654 1683 ⁵

276 1784 670 1847 liberalitatis-
697 1807 766 1847 ac
826 1788 1250 1847 benivolentiae
1313 1788 1518 1850 officiis
1575 1788 1840 1849 adiuvisti
1897 1795 2071 1866 atque
2129 1790 2561 1848 confirmavisti.

279 1903 406 1973 Qua
455 1923 522 1965 re
584 1908 632 1965 si
689 1906 827 1984 quid
860 1895 1136 1977 futilitatis
1193 1907 1431 1971 exfhac
1486 1926 1617 1967 mea
1660 1907 1843 1985 opera
1884 1907 2331 1974 redundaverit,
2391 1926 2565 1967 nemo

271 2024 387 2084 sibi
438 2025 564 2084 eius
625 2026 882 2085 fructum
941 2026 1164 2085 maiore
1222 2027 1350 2085 iure
1410 2025 1705 2085 vindicare
1767 2028 1983 2103 poterit
2038 2044 2215 2104 quam
2272 2026 2389 2095 Tu,
2456 2044 2568 2085 nec

279 2143 599 2222 quidquam
642 2162 750 2221 ego
795 2144 937 2204 mihi
973 2145 1158 2223 magis
1193 2143 1461 2221 religioni
1505 2144 1657 2205 duco
1702 2145 1811 2204 nisi
1852 2151 1919 2203 ut
1955 2146 2148 2222 ipsum
2182 2163 2330 2223 opus
2368 2163 2567 2204 meum

280 2244 358 2340 pii
405 2281 476 2321 ac
511 2264 661 2340 grati
707 2256 847 2341 erga
891 2264 975 2323 Te
1021 2264 1197 2323 animi
1239 2262 1543 2341 publicum
1588 2270 2034 2324 monumentum
2088 2271 2259 2324 extet.
2352 2262 2567 2333 Quam-

282 2400 460 2461 quam
498 2382 676 2460 igitur
719 2399 894 2460 quam
939 2400 1155 2460 parum
1193 2382 1573 2461 amplis³sumo
1602 2382 1731 2442 Tuo
1765 2384 2001 2443 nomine
2040 2383 2281 2461 dignum
2328 2383 2401 2441 sit
2444 2384 2571 2459 ipse

281 2502 608 2578 persentio,
641 2506 836 2565 tamen
867 2519 987 2560 non
1019 2500 1250 2569 diffido,
1290 2501 1366 2560 ob
1397 2502 1574 2560 animi
1608 2502 1725 2561 mei
1755 2502 2148 2562 sinceritatem
2180 2502 2365 2579 magis
2395 2518 2569 2580 quam

285 2618 359 2678 ob
411 2620 596 2698 ipsius
656 2619 996 2697 dignitatem
1051 2620 1183 2680 Tibi
1239 2628 1473 2698 gratum
1534 2627 1957 2699 acceptumque
2016 2622 2161 2681 fore.
2267 2622 2398 2689 Set,
2458 2638 2571 2697 qua

287 2738 494 2797 eximia
553 2756 616 2797 es
671 2736 1065 2808 humanitate,
1123 2757 1244 2798 non
1282 2738 1512 2809 dubito,
1579 2741 1719 2817 quin
1761 2739 1905 2799 nihil
1950 2739 2077 2799 Tuo
2131 2739 2430 2817 splendori
2472 2738 2571 2799 de-

287 2863 535 2917 tractum
591 2857 936 2935 opinaturus
981 2858 1086 2927 siS,
1147 2860 1195 2918 si
1237 2858 1352 2917 hoc
1395 2858 1529 2917 loco
1572 2858 1807 2936 publice
1852 2860 1935 2918 eis
1976 2859 2111 2918 viris
2156 2856 2566 2938 amplissumis,

287 2974 783 3045 inlustrissumiS,-
833 2976 1203 3036 doctissumis
1227 3023 1242 3045 ,
1314 2978 1414 3055 qui
1481 2977 1625 3037 mihi
1692 2978 1755 3036 in
1820 2977 1935 3036 hoc
2001 2975 2153 3037 libro
2226 2975 2567 3035 adornando

288 3093 552 3172 opitulati
641 3100 778 3153 sunt
801 3141 817 3163 ‚
899 3096 1114 3172 gratias
1186 3095 1420 3173 publice
1493 3114 1671 3173 egero
1696 3143 1712 3165 ,
1786 3094 2015 3156 Haasio
2036 3142 2049 3167 ‚
2124 3094 2571 3167 DaremberyiO,

285 3214 710 3285 Hundzikem,
757 3212 969 3290 quibus
1009 3232 1158 3291 quae
1202 3212 1593 3274 bibliothecae
1636 3214 1931 3273 Parisinae
1976 3212 2284 3280 debentur,
2332 3216 2573 3295 accepta

289 3333 516 3400 refero,
562 3332 966 3405 Bethmanno‚
1013 3330 1404 3421 bibliothecae
1455 3332 1947 3412 Guelferbytanae
1995 3366 2063 3375 —-
2117 3331 2207 3391 vel
2250 3338 2316 3393 ut
2358 3330 2577 3406 rectius

289 3449 724 3510 Fleckeisenius
785 3455 986 3539 noster
1049 3451 1284 3531 scripsit
1339 3451 1927 3512 Wolffenbuttelanae
1999 3486 2068 3495 -
2139 3450 2437 3534 antistiti„
2480 3451 2580 3528 qui

289 3569 430 3649 mihi
475 3567 902 3629 liberalissume
945 3569 1212 3629 codicum
1255 3570 1760 3647 inspiciundorum
1801 3572 2028 3650 copiam
2068 3570 2233 3639 fecit,
2278 3571 2337 3629 in
2374 3568 2579 3645 primis

291 3706 428 3747 vero
489 3688 706 3762 Caroly
749 3688 1046 3749 Ludovico
1090 3689 1302 3749 Bomio
1347 3688 1693 3759 Basileensi,
1758 3691 1857 3767 qui
1914 3688 2195 3749 nonnulla
2252 3706 2401 3767 quae
2453 3688 2579 3764 ipse

294 3807 662 3867 multa’cura
699 3824 768 3865 ac
811 3797 1105 3885 diligentia
1153 3808 1226 3867 ad
1273 3807 1572 3868 edundum
1606 3806 1942 3869 Sallustium
1986 3813 2324 3886 paraverat,
2370 3806 2578 3893 ⁴huma-

296 3927 554 3986 nissume
590 3925 734 3987 mihi
771 3926 1077 3985 concessit.

464 4044 550 4105 De
607 4045 866 4113 ratione,
928 4062 1103 4123 quam
1153 4046 1214 4103 in
1273 4044 1593 4104 scribundo
1644 4050 1880 4106 secutus
1920 4063 2079 4114 sum,
2127 4062 2311 4123 pauca
2354 4048 2582 4101 tantum

302 4164 588 4223 monenda
632 4170 792 4241 putu.
874 4164 957 4223 Ac
1002 4165 1258 4241 primum
1299 4163 1535 4242 quidem
1581 4182 1789 4224 vereor
1830 4182 1907 4223 ne
1948 4164 2114 4223 multi
2160 4164 2301 4222 mihi
2351 4162 2581 4221 crimini
2660 4222 2673 4231 ,

305 4280 487 4342 daturi
543 4282 688 4350 sint,
747 4282 906 4362 quod
960 4300 1080 4343 non
1135 4282 1320 4362 pluris
1371 4281 1605 4342 Sallusti
1651 4283 1881 4343 codices
1940 4284 2330 4350 excusserim‚
2390 4298 2581 4358 neque

955 4526 981 4541 t
