3042 4917
872 296 1485 345 conunnu'monmr
1534 296 1676 345 car.
1723 296 1812 345 iv.
2405 278 2490 341 219

188 457 445 523 offendit,
491 461 547 515 at'
590 474 713 513 cum
756 456 969 533 optumi
1010 464 1065 513 et
1112 455 1483 513 vetustissumi
1527 452 1654 511 libri
1699 463 1971 513 testentur
2011 436 2274 530 scriptum
2317 456 2490 513 fuisse

188 569 281 617 est
320 577 611 633 emesa-us,
642 560 830 633 quidni
862 559 917 615 id
944 558 1365 633 conprobemus‚
1392 576 1514 613 cum
1550 559 1858 624 succedere
1887 588 1976 599 —
2005 563 2229 613 terrere
2273 576 2386 615 non
2427 576 2490 615 ea

190 664 341 726 sint,
398 679 535 736 quae
581 661 781 717 Marius
823 679 925 735 per
982 678 1042 715 se
1098 660 1315 722 fecerit,
1380 658 1555 731 igitur
1598 659 1708 721 eis,
1763 674 1900 731 quae
1943 658 2051 713 dux
2097 658 2214 731 ipse
2255 662 2487 734 peregit,

188 772 325 840 apte
367 764 727 820 subiiciantur
763 778 901 835 quae
944 761 1147 817 milites
1183 760 1475 817 confestim
1522 760 1898 835 perfecerint?
1987 765 2116 821 104,
2162 766 2198 819 3
2230 762 2494 833 profecti

189 874 349 934 sunt,
401 872 517 927 107,
558 872 589 925 7
628 870 973 937 perventum
1008 869 1111 931 est,
1160 870 1277 925 113,
1322 866 1353 921 7
1400 863 1680 917 deductus
1722 868 1806 917 est
1849 860 1978 916 libri
2017 862 2378 921 conmendant
2424 858 2486 938 ¹),

192 986 297 1026 nec
342 968 521 1023 minus
564 975 683 1029 110,
728 976 763 1025 5
798 966 1145 1037 flaqitiosum
1190 970 1276 1019 est
1328 963 1538 1041 optumi
1583 970 1883 1025 testantur,
1941 970 2028 1017 set
2079 962 2356 1023 difficilius
2403 976 2490 1025 est

196 1069 439 1125 iudicare
472 1070 541 1125 de
597 1077 713 1130 110,
760 1075 825 1127 3:
870 1084 985 1138 qua
1016 1066 1176 1137 apud
1202 1078 1386 1121 meum
1422 1066 1676 1120 animum
1706 1064 1850 1119 nihil
1875 1066 2075 1120 carius
2103 1072 2207 1125 est.
2278 1066 2487 1127 Etenim

193 1188 323 1226 cum
366 1170 707 1243 antiquiores
748 1168 875 1225 libri
922 1160 1187 1228 513‘P2P3B
1221 1168 1421 1223 carius
1462 1172 1547 1222 est
1577 1166 1881 1228 exhibeant,
1920 1167 2256 1225 recentiores
2299 1188 2488 1228 omnes

198 1274 255 1327 in
298 1274 501 1328 carius
552 1272 731 1327 habeo
770 1269 1146 1332 consentiant,
1202 1284 1330 1323 sane
1385 1276 1443 1325 et
1484 1274 1571 1323 est
1606 1275 1661 1322 et
1705 1267 1886 1323 habeo
1928 1284 1992 1323 ex
2033 1268 2364 1341 glossemate
2407 1274 2489 1329 in·
2543 1324 2547 1329 .

196 1374 441 1447 repsisse
490 1373 603 1429 veri
655 1370 833 1427 simile
876 1371 1043 1427 videri
1090 1377 1293 1443 potest.
1382 1371 1453 1424 At
1504 1386 1628 1425 cum
1684 1369 2010 1425 sententiam
2067 1387 2188 1427 esse
2231 1373 2489 1448 adpareat

200 1484 329 1548 ‘qua
382 1476 525 1549 apud
569 1475 804 1529 animum
848 1490 1027 1529 meum
1071 1471 1205 1527 nihil
1264 1472 1445 1527 carius
1488 1470 1752 1533 habetur’,
1805 1478 1998 1527 contra
2057 1472 2168 1529 veri
2225 1473 2486 1533 dissimile

200 1577 275 1631 sit
316 1576 498 1631 habeo
527 1576 901 1649 superscripto
932 1580 1019 1630 est
1052 1572 1377 1647 explicatum
1412 1590 1550 1635 esse,
1587 1571 1988 1645 antiquioribus
2016 1574 2294 1631 codicibus
2325 1577 2486 1635 etiam
2530 1560 2539 1563 “

116 1695 121 1701 ·
202 1680 257 1734 in
304 1678 405 1733 hac
450 1677 677 1733 minoris
722 1676 983 1731 momenti
1022 1692 1085 1731 re
1130 1673 1509 1747 obtemperare
1551 1674 1722 1729 satius
1769 1681 1870 1729 est.
1962 1676 2038 1731 Ac
2081 1677 2222 1732 ratio
2269 1668 2487 1751 quidem

201 1796 288 1835 me
334 1777 521 1840 movit,
568 1786 628 1833 ut
671 1777 785 1850 lug.
832 1785 917 1841 35,
972 1785 991 1835 1
1032 1778 1183 1831 Erat
1223 1791 1293 1831 ea
1334 1782 1696 1847 tempestate,
1745 1776 1988 1847 quamvis
2030 1775 2156 1833 libri
2197 1781 2486 1859 variarent,

204 1890 383 1937 tamen
428 1880 485 1934 in
531 1879 897 1953 suspicionem
939 1894 1133 1935 vocare
1176 1893 1288 1932 non
1330 1877 1602 1938 auderem,
1647 1876 1792 1951 quod
1839 1871 1977 1933 idem
2013 1879 2080 1935 de
2117 1880 2232 1955 1113.
2277 1890 2374 1945 85,
2419 1891 2488 1945 46

202 1992 259 2039 et
293 1988 409 2044 102,
452 1992 487 2041 5
532 1981 840 2037 dicendum.
926 1978 1127 2035 Contra
1172 1977 1285 2034 Cat.
1328 1986 1377 2041 8,
1424 1986 1473 2039 6.
1525 1987 1604 2041 10,
1636 1984 1685 2037 6.
1726 1984 1814 2039 52,
1859 1984 1928 2037 22
1958 1963 2018 2035 et'
2045 1986 2129 2041 23.
2174 1981 2288 2057 lug.
2319 1992 2402 2047 19,
2433 1994 2492 2045 5.-

206 2089 321 2146 107,
368 2090 420 2143 6.
464 2090 593 2145 109,
638 2090 673 2143 3
714 2090 769 2137 et
810 2088 913 2141 114
951 2088 1085 2135 extr.
1133 2098 1255 2135 cum
1303 2080 1444 2137 ratio
1500 2051 1690 2135 eor-'um
1746 2078 2039 2143 librorum,
2094 2083 2188 2155 qui
2234 2084 2484 2157 copulam

204 2186 483 2247 omittunt,
522 2183 681 2241 fldem
728 2181 1029 2243 confirmet,
1075 2198 1189 2237 eam
1222 2181 1465 2254 recipere
1500 2181 1634 2236 nolo
1677 2188 1732 2237 et
1766 2181 2116 2239 vehementer
2142 2200 2354 2241 recuso.
2419 2186 2486 2243 Et

204 2304 527 2361 quamquam
570 2286 627 2341 in
670 2284 925 2340 membris
974 2282 1393 2358 temporalibuS,
1442 2301 1582 2357 quae
1623 2300 1722 2357 per
1765 2285 1862 2339 ubi
1907 2283 1992 2339 vel
2039 2292 2349 2357 postquam
2394 2290 2486 2345 ad-

203 2391 523 2463 iunguntur,
568 2386 821 2461 copulam
867 2386 979 2441 sere
1022 2401 1237 2459 semper
1275 2384 1578 2459 adpositam
1607 2403 1728 2441 esse
1766 2386 2115 2443 observamus
2159 2418 2244 2429 —-
2281 2390 2485 2465 quippe

204 2491 277 2545 ibi
316 2508 433 2545 rem
472 2462 667 2545 factam
708 2485 1019 2561 significari,
1065 2487 1213 2543 verbi
1257 2504 1393 2559 ergo
1428 2494 1644 2561 tempus
1686 2488 2043 2561 praeteritum
2086 2491 2218 2563 poni
2262 2508 2485 2549 necesse

202 2600 288 2648 est
353 2590 485 2663 (cfr.
533 2591 644 2647 Cat.
691 2597 786 2651 45.
824 2595 876 2647 4.
936 2594 1030 2651 47,
1078 2599 1129 2649 1.
1173 2597 1269 2651 50,
1302 2598 1353 2649 5.
1420 2589 1534 2662 lug.
1574 2594 1666 2650 23,
1713 2598 1760 2649 1.
1803 2595 1898 2652 34,
1943 2600 1990 2649 1.
2035 2600 2131 2655 39,
2177 2603 2226 2654 l.
2269 2600 2364 2657 41,
2401 2604 2484 2655 10.

202 2700 287 2755 52,
328 2700 379 2750 2.
424 2700 510 2755 53,
553 2699 603 2750 2.
648 2698 742 2754 60,
789 2700 839 2751 5.
893 2697 943 2751 7.
986 2698 1082 2753 62,
1128 2697 1179 2751 8.
1218 2696 1315 2752 68,
1364 2699 1410 2749 l.
1476 2690 1588 2747 Cat.
1627 2698 1712 2753 45,
1757 2698 1807 2751 4.
1855 2700 1941 2754 51,
1987 2703 2036 2753 5.
2083 2702 2168 2757 53,
2207 2704 2257 2753 5.
2301 2705 2388 2759 55,
2431 2705 2483 2757 5.

205 2802 289 2857 60,
332 2800 383 2852 2.
425 2794 541 2867 lug.
588 2800 787 2856 14,10.
834 2796 1000 2854 26,1.
1047 2798 1131 2854 27,
1175 2801 1219 2851 l.
1265 2800 1349 2854 35,
1399 2802 1445 2852 l.
1490 2801 1568 2852 10.
1615 2799 1699 2855 41,
1744 2801 1794 2853 4.
1840 2800 1925 2857 62,
1967 2801 2018 2853 2.
2062 2803 2147 2858 85,
2197 2808 2243 2855 1.
2283 2804 2402 2861 104,
2431 2808 2483 2858 4.

206 2903 323 2959 106,
369 2894 423 2967 6)
464 2926 537 2935 -
566 2902 747 2951 tamen
774 2895 887 2967 lug.
935 2899 1019 2956 75,
1056 2898 1087 2955 7
1132 2896 1229 2950 ubi
1258 2896 1335 2950 ad
1370 2896 1432 2950 id
1467 2896 1579 2950 loci
1619 2904 1863 2964 ventum,
1903 2902 1987 2959 77,
2013 2905 2048 2957 3
2083 2899 2182 2953 ubi
2213 2914 2284 2954 ea
2325 2902 2486 2971 inpe-

202 3004 393 3067 trata,
439 3004 525 3059 79,
560 3003 597 3055 4
631 3003 939 3069 postquam
971 3027 1055 3035 -
1078 2995 1257 3067 fusae
1286 2995 1645 3069 fuqataeque
1686 3004 1742 3053 et
1771 3030 1834 3036 -
1877 3000 2266 3069 adtriverant‚
2321 3009 2416 3065 91,
2452 3010 2510 3061 2,

198 3106 505 3172 postquam
540 3105 763 3169 tempus
792 3100 990 3167 visum,
1038 3097 1109 3153 ib.
1156 3105 1191 3158 4
1216 3100 1316 3155 ubi
1346 3100 1469 3155 dies
1506 3100 1692 3171 coepit
1733 3107 1789 3155 et
1823 3130 1900 3139 —-
1931 3104 2094 3157 multi
2128 3132 2208 3141 -
2251 3106 2486 3175 egyp-essi,

207 3209 321 3265 109,
368 3206 403 3257 2
442 3207 752 3272 postquam
783 3230 866 3240 -
894 3202 1215 3273 coum-essi,
1273 3200 1515 3257 colorem
1561 3200 1826 3257 orationis
1869 3200 2226 3261 Sallustianae
2264 3202 2486 3279 q'uibtis-

200 3304 323 3359 dam
371 3302 529 3358 libris
572 3301 979 3376 postulantibus
1014 3311 1225 3359 mutare
1268 3302 1463 3359 nimiae
1504 3302 1757 3361 audaciae
1801 3312 1964 3359 esset.
2059 3304 2152 3361 Set
2186 3324 2318 3363 sane
2357 3314 2488 3363 cond-

204 3404 365 3461 fiteor
408 3404 525 3477 lug.
577 3411 657 3467 14,
700 3414 763 3463 15
806 3422 927 3460 cum
972 3403 1028 3465 Q
1080 3406 1283 3461 relicta
1326 3408 1518 3461 anima
1563 3412 1666 3474 est,
1710 3404 1900 3463 relicui
1944 3424 2129 3464 omnes
2175 3418 2396 3483 praeter
2423 3404 2488 3484 36

202 3509 409 3563 relicta
440 3512 525 3561 est
556 3508 749 3563 anima
794 3498 1099 3569 exhibeant,
1140 3514 1225 3561 est
1266 3516 1578 3581 suspectum
1610 3525 1747 3571 esse,
1792 3526 1892 3565 nec
1927 3510 2106 3567 minus
2145 3519 2230 3574 85,
2265 3518 2329 3574 47
2365 3516 2489 3585 qui-

200 3610 300 3665 bus
333 3610 607 3665 ntilitaris
638 3615 799 3664 aetas
828 3616 931 3677 est,
970 3608 1211 3682 quamvis
1238 3607 1325 3663 hic
1348 3608 1546 3683 copula
1573 3625 1738 3683 aegre
1764 3611 1938 3667 careri
1972 3613 2166 3685 possit.
2209 3644 2283 3656 —-
2318 3614 2386 3671 Ut
2422 3617 2487 3672 ad

204 3710 527 3767 infinitivum
552 3726 676 3766 esse
702 3718 985 3773 transeam,
1011 3710 1122 3765 Cat.
1148 3721 1195 3773 1,
1220 3718 1270 3772 3,
1300 3728 1421 3767 cum
1445 3712 1591 3768 inter
1612 3712 1764 3786 ipsos
1789 3721 2045 3788 optumos
2073 3714 2245 3772 libros
2273 3716 2340 3772 de
2363 3716 2487 3773 loco

204 3812 453 3869 infinitivi
484 3828 598 3867 non
632 3813 944 3875 conveniat,
988 3812 1149 3868 simul
1180 3830 1309 3869 usus
1352 3814 1499 3869 verbi
1543 3816 1728 3871 videri
1763 3815 2112 3873 omissionem
2143 3818 2484 3880 conmendet,

273 3994 323 4059 l)
342 3994 484 4043 Nolo
500 3994 844 4043 dissimulare
859 3994 917 4043 in
938 3998 1318 4060 extremapar-
1374 3996 1573 4060 sciret,
1632 4013 1754 4047 cum
1790 3998 2065 4062 gravitate
2105 4004 2162 4049 et
2199 3999 2486 4051 celeritate

205 4084 258 4128 te
272 4078 576 4143 Iugurthae
596 4080 752 4128 verbi
774 4094 885 4129 esse
918 4080 1105 4131 omissi
1140 4097 1319 4130 exem·
1374 4082 1616 4131 scribere
1656 4082 1894 4131 animum
1931 4083 2162 4156 induxit.
2206 4084 2488 4137 ,Incertius

209 4165 300 4227 pla
324 4164 497 4213 multo
512 4164 888 4227 frequentiora
911 4180 1051 4228 esse,
1078 4181 1240 4229 quam
1265 4166 1322 4215 in
1376 4165 1638 4215 iudicium
1677 4182 1796 4216 esse
1834 4168 1890 4215 in
1922 4182 1988 4215 ea
2014 4172 2190 4231 parte,
2231 4182 2392 4233 quam
2420 4184 2487 4219 ex

210 4248 448 4299 relicuis.
524 4248 755 4297 Scilicet
800 4249 1035 4314 scriptor
1079 4265 1195 4313 ree,
1253 4250 1325 4300 ad
1375 4250 1778 4301 recentioribus
1812 4250 2095 4301 codicibus
2120 4253 2252 4302 solis
2289 4268 2490 4318 cogno-

212 4348 343 4397 quas
369 4334 675 4398 legentium
696 4336 907 4384 animos
927 4334 1182 4386 adtentos
1201 4350 1322 4385 esse
1374 4336 1568 4399 vimus,
1609 4350 1718 4385 non
1753 4336 2012 4388 diffiteor.

343 4434 617 4485 SALLus'r.
656 4450 746 4484 nn.
784 4437 1059 4487 Drn'rscn.
1892 4450 1901 4453 ·
2033 4424 2072 4485 4
