3042 4917
481 235 563 302 78
1167 257 1777 305 connnnramonun
1820 258 1962 305 car.
2005 257 2093 306 ιν.

479 415 635 502 Quod
678 413 810 471 mihi
851 411 1068 488 quidem
1107 431 1264 471 secus
1311 413 1538 472 videtur.
1622 415 1753 472 Nam
1790 417 2043 492 profecto
2082 417 2205 474 duri
2251 425 2307 475 et
2345 419 2525 495 asperi
2566 419 2759 479 iudicis

479 527 579 583 est,
621 516 876 591 scriptori
921 516 1084 580 nihil,
1127 517 1270 591 quod
1319 533 1428 592 quo
1472 517 1651 580 minus
1696 526 1981 576 acutorum
2025 520 2307 578 hominum
2352 521 2761 581 inbecillitatem

477 621 692 677 adiuvet
730 618 1018 692 adiungat,
1075 618 1377 692 ignoscere.
1467 619 1533 675 Et
1584 637 1713 676 num
1767 639 1997 695 prorsus
2039 639 2437 697 vsupervacanea
2494 632 2625 680 sunt
2669 625 2760 681 illa

476 723 672 780 verba?
753 721 940 776 Nonne
986 719 1166 783 ctiam,
1219 720 1312 794 qui
1353 721 1550 778 acriori
1596 722 1817 796 ingenio
1856 731 1912 780 et
1947 724 2181 798 peritior
2223 732 2398 789 esset,
2443 726 2489 782 si
2532 726 2626 782 illa
2670 728 2761 784 ab·

477 832 678 887 essent,
719 824 788 891 in„
821 839 945 878 eum
987 838 1229 878 errorem
1262 822 1439 879 induci
1484 823 1683 897 potuit,
1730 832 1793 879 ut
1832 823 2014 880 nullos
2052 843 2173 882 esse
2216 827 2270 882 in
2316 829 2493 884 Africa
2536 829 2760 885 morbos

475 925 728 1002 putaret?
814 923 992 979 Nolim
1038 923 1206 995 igitur
1248 923 1545 998 vituperari
1592 925 1932 999 scriptorem,
1986 929 2079 1001 qui
2122 945 2244 984 cum
2286 930 2513 986 dixisset
2548 930 2761 1004 pleros-

479 1045 584 1102 que
629 1025 876 1082 homines
920 1033 1196 1081 senectute
1231 1025 1471 1088 dissolvi,
1516 1027 1625 1082 nisi
1669 1028 1761 1100 qui
1809 1028 2041 1085 violenta
2088 1037 2265 1100 morte
2302 1040 2426 1087 ante
2468 1025 2761 1088 extremam

477 1137 710 1186 aetatem
739 1128 951 1202 abrepti
989 1133 1196 1202 essent,
1229 1128 1638 1202 adiungendum
1667 1132 1958 1194 censuerit,
1992 1131 2215 1189 morbos
2249 1133 2467 1207 quidem
2502 1135 2557 1190 in
2579 1135 2760 1192 Africa

477 1251 612 1295 esse,
661 1237 745 1287 set
787 1230 920 1286 adeo
960 1228 1110 1285 firma
1155 1227 1453 1286 incolarum
1500 1249 1750 1306 corpora,
1795 1240 1859 1288 ut
1889 1234 1999 1289 rari
2044 1235 2121 1290 eis
2165 1235 2566 1309 frangerentur.

645 1332 870 1388 Difficile
913 1339 998 1387 est
1039 1331 1104 1387 de
1147 1331 1261 1404 lug.
1313 1337 1408 1395 24,
1457 1339 1490 1392 2
1546 1333 1811 1390 iudicare:
1872 1352 1985 1391 non
2042 1344 2169 1392 mea
2228 1339 2402 1409 culpa
2453 1355 2629 1409 saepe
2688 1341 2765 1396 ad

477 1454 575 1495 vos
617 1443 843 1491 oratum
885 1435 1057 1490 mitto.
1145 1433 1276 1488 Nam
1337 1435 1414 1489 ad
1462 1433 1607 1490 salva
1652 1437 1919 1493 sententia
1968 1445 2024 1493 et
2072 1438 2251 1494 omitti
2294 1446 2349 1496 et
2406 1440 2543 1496 adici
2594 1459 2760 1515 posse

477 1557 637 1596 nemo
681 1535 922 1610 negabit.
1001 1534 1187 1590 Omitti
1233 1534 1386 1592 iubet
1432 1534 1519 1599 ΞΒ,
1576 1536 1711 1592 adici
1772 1555 1957 1595 omnes
2015 1539 2205 1596 relicui
2248 1540 2392 1597 libri.
2494 1541 2588 1598 Set
2636 1561 2757 1599 cum

479 1641 752 1698 obiectum
796 1638 860 1694 ad
905 1636 1156 1722 supinum
1203 1635 1434 1692 relatum
1477 1655 1659 1694 rarum
1691 1639 1763 1694 sit
1808 1639 2058 1713 (Krssger.
2098 1659 2179 1714 gr.
2213 1642 2306 1698 lat.
2336 1645 2391 1715 S.
2422 1650 2529 1705 483
2571 1662 2694 1700 ann.
2729 1654 2756 1704 1

477 1763 530 1818 p.
575 1741 716 1815 635),
759 1756 988 1814 cumque
1035 1754 1132 1796 vos
1174 1739 1346 1812 magis
1391 1740 1666 1796 ecferatur
1720 1742 1767 1797 si
1823 1760 1923 1816 per
1970 1744 2433 1817 praepositionem
2496 1747 2561 1802 ad
2604 1748 2759 1802 mitto

478 1845 775 1906 referatur,
829 1859 989 1916 quam
1049 1841 1096 1896 si
1148 1841 1326 1915 ipsum
1384 1841 1451 1897 ab
1502 1849 1730 1898 oratum
1780 1845 2013 1919 pendeat
2060 1876 2133 1885 —
2183 1847 2533 1904 ecferundum
2578 1855 2758 1905 autem

477 1955 579 2011 est,
625 1945 879 2021 quoniam
923 1961 981 1999 se
1025 1951 1245 2000 excusat
1291 1943 1589 2006 Adherbal,
1652 1947 1798 2019 quod
1843 1964 2002 2021 saepe
2054 1950 2285 2004 senatui
2324 1950 2545 2022 negotia
2590 1927 2759 2006 faces·-

477 2057 561 2106 sat
610 2079 683 2088 —
737 2045 1084 2104 omissionem
1141 2045 1252 2102 sive
1309 2046 1486 2102 errori
1545 2048 1655 2102 sive
1711 2049 2031 2122 conrigendi
2086 2050 2269 2107 studio
2326 2033 2473 2115 eius,
2548 2053 2643 2126 qui
2700 2051 2759 2113 {B

477 2160 669 2210 auctor
709 2149 830 2212 fuit,
878 2148 1222 2204 tribuendum
1259 2165 1474 2204 censeo.

643 2251 756 2326 lug.
803 2259 887 2312 31,
937 2256 1004 2309 14
1045 2255 1252 2306 metum
1297 2251 1367 2306 ab
1411 2253 1628 2307 scelere
1671 2268 1776 2307 suo
1822 2254 1901 2309 ad
1936 2255 2223 2326 iqnaviam
2267 2263 2518 2313 vostram
2563 2263 2758 2314 trans-

475 2359 691 2414 tulere,·
728 2369 872 2425 quos
915 2353 1096 2408 omnis
1139 2353 1337 2412 eadem
1381 2369 1615 2424 cupere,
1660 2356 1859 2410 eadem
1904 2359 2105 2425 odisse,
2153 2361 2350 2416 eadem
2395 2366 2647 2415 metuere
2698 2362 2759 2416 in

475 2475 652 2517 unum
697 2457 906 2528 εοέρίι,
964 2453 1124 2510 verba
1179 2456 1377 2510 eadem
1411 2462 1663 2511 metuere
1708 2473 1773 2512 ex
1808 2457 2137 2530 glossemate
2188 2468 2314 2516 nata
2356 2478 2475 2516 esse
2513 2462 2755 2535 adparet,

475 2561 710 2636 primum
768 2557 893 2631 quia
949 2556 1242 2630 singularis
1299 2557 1594 2632 praedicati
1648 2563 1830 2632 0083·qu
1886 2561 2128 2618 subiecta
2171 2571 2443 2637 tamquam
2496 2562 2550 2618 in
2594 2581 2757 2619 unam

474 2661 754 2719 notionem
787 2657 1090 2716 coalescere
1138 2659 1389 2722 ostendit,
1433 2659 1485 2716 id
1522 2661 1668 2734 quod
1710 2660 1827 2717 lieri
1872 2679 1984 2718 non
2027 2672 2245 2738 potest,
2300 2665 2346 2721 si
2390 2664 2497 2720 tria
2541 2663 2632 2720 illa
2672 2683 2759 2721 re-

475 2763 781 2826 tineantur;
819 2760 1013 2817 deinde
1070 2760 1215 2834 quod
1280 2761 1549 2835 cupiditas
1592 2769 1648 2818 et
1708 2764 1890 2820 odium
1940 2774 2145 2822 metum
2200 2766 2621 2841 conplectuntur
2669 2798 2758 2811 —-·-

473 2883 596 2922 nam
645 2864 934 2921 metuimus
970 2881 1038 2920 ne
1071 2881 1206 2938 quae
1235 2862 1516 2938 cupiamus
1551 2881 1661 2920 non
1698 2867 1961 2930 eveniant,
2002 2885 2139 2941 quae
2172 2868 2447 2925 oderimus
2479 2869 2759 2937 accidant;

475 2976 590 3026 tum
631 2967 884 3044 quoniam
925 2983 1242 3041 pervorsum
1281 2974 1365 3022 est
1399 2967 1619 3023 eosdem
1664 2968 1756 3040 qui
1798 2969 1960 3025 modo
2011 2970 2157 3025 omni
2200 2977 2348 3026 metu
2390 2988 2449 3026 se
2493 2970 2755 3028 liberasse

471 3072 603 3128 dieti
646 3073 782 3134 sint,
827 3077 1008 3126 tamen
1061 3076 1208 3125 metu
1253 3068 1309 3123 in
1349 3085 1516 3125 unum
1562 3067 1787 3142 globum
1834 3078 2055 3127 coactos
2099 3088 2219 3128 esse
2262 3073 2386 3129 dici.
2474 3073 2651 3147 Atque
2692 3081 2755 3130 ut

471 3174 827 3251 concedamus
881 3179 1085 3228 metum
1144 3169 1286 3226 inter
1338 3169 1586 3226 homines
1642 3172 1919 3228 societatis
1966 3172 2239 3230 vinculum
2290 3175 2557 3249 quoddam
2613 3193 2753 3238 esse,

473 3285 652 3332 tamen
701 3275 792 3331 ubi
819 3274 1082 3330 ·soeietas
1137 3273 1381 3346 iungitur
1435 3272 1539 3328 iam
1582 3288 1693 3328 non
1732 3284 1909 3331 metus
1962 3275 2141 3339 adest,
2198 3280 2297 3332 set*
2326 3275 2651 3350 prohibendi
2694 3294 2757 3333 ac

472 3377 801 3433 defendundi
859 3375 1116 3432 studium.
1218 3373 1331 3441 Qua
1368 3391 1427 3430 re
1467 3382 1616 3430 recte
1656 3375 1766 3432 Cat.
1812 3383 1908 3440 20,
1953 3384 1988 3436 4
2031 3395 2165 3433 nam
2208 3380 2356 3435 idem
2401 3379 2542 3434 velle
2581 3385 2755 3451 atque

473 3473 620 3535 idem
663 3480 810 3535 nolle
849 3493 920 3534 ea
962 3479 1185 3533 demum
1225 3478 1400 3548 firma
1447 3478 1697 3533 amicilia
1742 3484 1843 3535 est.

645 3579 812 3648 Quam
855 3579 1026 3636 multa
1075 3578 1404 3652 glossemata
1444 3581 1500 3636 in
1546 3587 1749 3636 textum
1799 3580 2023 3638 Sallusti
2066 3581 2235 3638 inlata
2280 3583 2408 3647 sint,
2455 3582 2754 3638 ostendunt

473 3683 580 3742 loci
617 3683 732 3756 lug.
777 3691 861 3746 31,
901 3689 963 3744 17
1010 3681 1103 3739 ubi
1143 3688 1404 3752 montem,
1448 3690 1505 3738 et
1547 3687 1632 3745 32,
1677 3691 1709 3743 5
1752 3683 1846 3738 ubi
1880 3691 2147 3755 praetor,
2190 3701 2293 3759 pro
2340 3702 2448 3759 quo
2496 3682 2588 3739 alii
2625 3701 2753 3757 per-

471 3805 656 3862 peram
692 3786 750 3842 P.
794 3785 855 3841 R.
899 3785 1183 3848 exhibent,
1241 3793 1592 3860 optumorum
1636 3785 1901 3841 librorum
1943 3802 2211 3843 consensu
2254 3785 2573 3842 reiciuntur.
2658 3784 2757 3842 Set

471 3887 840 3947 admirabilius
877 3888 1023 3962 quod
1066 3895 1151 3952 35,
1194 3895 1220 3947 l
1267 3887 1404 3944 liber
1447 3887 1688 3944 omnium
1725 3887 2143 3945 vetustissumus
2190 3889 2231 3945 P
2274 3886 2429 3944 solus
2452 3885 2758 3960 prosaycas

471 4007 550 4049 ex
586 3993 787 4064 patria
831 3993 1081 4060 abierat,
1128 3990 1317 4047 relicui
1364 4008 1553 4047 omnes
1596 4006 1676 4046 ex
1718 3989 1926 4062 Africa
1972 3992 2195 4048 abierat
2236 3990 2517 4066 praebent.
2607 3988 2755 4056 Quo-

473 4112 594 4151 rum
637 4102 819 4151 utrum
865 4093 1136 4167 glossema
1171 4093 1269 4149 tibi
1299 4093 1510 4149 videtur
1540 4094 1693 4148 esse?
1738 4091 1851 4148 Mea
1887 4091 2105 4166 quidem
2148 4093 2417 4149 sententia
2464 4091 2550 4147 hic
2592 4090 2753 4148 locus

471 4198 796 4254 documento
848 4204 960 4259 est,
1028 4213 1186 4270 quam
1258 4194 1414 4252 facile
1469 4195 1800 4270 glossemata
1866 4209 1990 4250 vera
2058 4195 2328 4270 scriptura
2382 4201 2593 4250 remota
2648 4211 2754 4268 per

473 4317 660 4358 omnes
702 4299 874 4354 libros
910 4304 1212 4373 propagata
1255 4297 1382 4353 sint.
1451 4297 1653 4353 Contra
1690 4297 1743 4352 in
1789 4296 2093 4354 notissumo
2138 4296 2234 4353 illo
2279 4295 2570 4371 Iugurthae
2598 4295 2751 4353 dicto
