3042 4917
473 281 564 341 VI
1417 298 1803 341 PRAEFATIO.

472 451 688 510 infitior
753 446 1064 508 nonnullos
1127 450 1296 509 etiam
1359 448 1793 527 investigandos
1858 456 2033 529 atque
2087 451 2544 535 perscrutandos
2604 466 2751 513 esse.

474 570 576 629 Set
609 569 935 630 dementiae
975 574 1063 627 cst
1099 569 1330 637 conari,
1378 568 1535 646 quod
1576 568 1808 628 fortuna
1848 574 2050 645 neget,
2096 587 2287 647 neque
2324 570 2494 648 aequi
2531 570 2753 631 iudices

470 690 602 768 plus
658 656 1066 765 postulabunt,
1126 706 1300 764 quam
1360 686 1518 765 quod
1574 692 1877 763 praestare
1919 686 2128 764 possis.
2230 687 2316 746 Ad
2362 687 2481 749 hoc
2522 690 2569 748 si
2618 706 2754 749 vera

472 814 558 868 est
603 826 778 885 quam
823 805 896 865 de
943 806 1242 865 codicibus
1281 796 1564 883 proposui
1605 805 1935 874 sententia,‘
1961 806 2151 864 omnis
2196 825 2343 884 quos
2379 824 2537 867 nunc
2576 825 2751 867 nove-

469 929 655 987 rimus
710 944 781 985 ex
832 943 950 985 uno
1010 924 1336 1001 eodemque
1385 923 1705 1002 archetypo
1756 924 1920 1001 quasi
1978 922 2243 995 fluxisse,
2302 925 2517 985 frustra
2572 944 2753 1003 opera

471 1047 554 1106 eis
599 1044 980 1122 inpendetur,
1041 1044 1140 1120 qui
1195 1060 1316 1101 non
1373 1060 1444 1102 ex
1502 1042 1631 1119 ipso
1686 1048 1787 1102 aut
1840 1062 1909 1102 ex
1964 1041 2075 1103 alio
2122 1044 2283 1105 sonte
2328 1044 2572 1104 derivati
2618 1044 2749 1104 sint.

469 1164 692 1225 Deinde
737 1162 1058 1222 verendum
1105 1160 1248 1222 mihi
1293 1167 1409 1229 est,
1456 1179 1532 1221 ne
1575 1159 1771 1221 multis
1814 1161 1874 1220 in
1915 1162 2166 1222 notanda
2207 1133 2532 1239 scripturae
2567 1164 2751 1223 varie-

468 1290 584 1343 tate
627 1283 842 1341 nimius
887 1287 946 1341 et
986 1286 1182 1341 tamen
1227 1297 1438 1359 parum
1481 1279 1625 1339 mihi
1670 1286 1946 1340 constans
1984 1280 2162 1341 fuisse
2206 1280 2419 1341 videar.
2504 1256 2753 1342 'Scilicet

467 1403 538 1463 ad
599 1402 793 1479 viginti
839 1376 1114 1461 Catilinae
1175 1400 1361 1476 capita
1403 1400 1595 1477 prima
1650 1400 1841 1459 omnis
1887 1398 2151 1469 exhibui,
2198 1383 2353 1478 quae
2396 1400 2537 1460 mihi
2581 1400 2749 1483 inno-

467 1525 739 1589 tuerunt,
795 1520 1188 1588 div01·sitateS‚
1251 1536 1366 1596 quo
1424 1518 1496 1578 de
1550 1516 1917 1595 singulorum
1970 1519 2238 1580 codicum
2286 1519 2401 1579 fide
2444 1519 2748 1608 acxdigni-
2804 1532 2809 1535 ·

445 1645 584 1701 ‚tate
618 1638 861 1699 iudicari
895 1644 1111 1715 posset.
1187 1638 1252 1697 In
1285 1636 1521 1696 relicuis
1562 1638 1884 1715 scripturas
1921 1638 2479 1715 antiquissumorum
2522 1645 2752 1719 tantum

464 1758 752 1818 librorum
798 1762 970 1834 atque
1015 1774 1249 1826 eorum,
1297 1730 1510 1843 quibus
1560 1755 1773 1835 aliquid
1816 1755 1905 1815 vel
1952 1755 2326 1818 tribuendum
2369 1757 2459 1825 vel
2504 1758 2576 1817 ab
2622 1758 2751 1819 aliis

465 1878 604 1937 viris
642 1877 828 1936 doctis
856 1874 1142 1935 tributum
1173 1880 1356 1945 esset,
1399 1875 1635 1952 copiose
1676 1875 2023 1953 perscripsi,
2072 1880 2160 1934 set
2204 1876 2375 1936 etiam
2414 1882 2747 1940 ceterorum

462 1997 750 2056 rationem
781 1994 959 2055 habui
990 1996 1072 2053 eis
1101 1992 1275 2063 locis,
1316 1994 1474 2054 unde
1506 1994 1649 2053 mihi
1680 1992 1897 2072 aliquid
1934 1994 2249 2063 testimonii
2284 1994 2540 2072 proferri
2574 2014 2759 2073 posse·

464 2115 774 2183 videretur,
816 2114 878 2172 in
925 2114 1352 2194 posterioribus
1385 2098 1577 2173 aetate
1616 2112 1916 2173 codicibus
1947 2119 2046 2172 aut
2083 2114 2476 2191 antiquiorum
2510 2132 2748 2175 errores

463 2240 520 2294 et
574 2234 924 2311 glossemata
979 2238 1299 2311 propagata
1376 2251 1511 2293 esse,
1564 2238 1665 2293 aut
1728 2232 2095 2291 coniecturas
2158 2232 2447 2323 praeberi.
2550 2225 2747 2295 Multis

459 2352 606 2412 locis
639 2353 811 2412 etiam
845 2352 960 2412 hoc
997 2351 1140 2411 mihi
1178 2350 1701 2411 demonstrandum
1730 2352 1953 2427 putavi,
1986 2368 2162 2428 quam
2192 2352 2335 2412 nihil
2365 2352 2744 2438 tribuendum

461 2477 616 2531 esset
669 2470 752 2529 eis
809 2470 1257 2551 suspitionibuS‚
1317 2504 1385 2513 —
1435 2487 1711 2529 maxume
1760 2470 1835 2530 de
1879 2469 2161 2531 eiciundis
2214 2471 2407 2531 verbis
2468 2507 2536 2515 -
2599 2490 2745 2550 quas

459 2587 726 2650 nonnulli
757 2572 1061 2648 *librorum
1105 2589 1450 2648 testimoniis
1496 2589 1832 2648 confirmari
1875 2586 2157 2649 dixissent
2198 2596 2298 2650 aut
2336 2591 2741 2652 credidissent.

459 2708 628 2777 Quod
677 2705 982 2768 consilium
1037 2724 1177 2766 num
1223 2706 1417 2766 minus
1457 2712 1620 2766 recte
1662 2704 1913 2769 secutus
1944 2709 2052 2767 sim
2110 2708 2213 2772 alii
2259 2710 2547 2779 iudicent;
2600 2712 2744 2773 mihi

459 2830 707 2887 fortasse
747 2826 1055 2894 accidisse,
1100 2826 1258 2905 quod
1291 2828 1355 2885 in'
1394 2844 1607 2904 magna
1655 2830 1820 2904 copia
1867 2826 2159 2888 facillume
2204 2828 2459 2888 humano
2504 2831 2743 2909 ingenio

458 2947 676 3015 evenit,
735 2951 799 3005 ut
838 2945 988 3022 ¹quid
1039 2944 1377 3023 delegamus
1420 2945 1771 3017 haereamus
1823 2952 1879 3007 et
1919 2946 2307 3009 nimis‘multa
2352 2949 2741 3020 effundamuS,

455 3064 598 3125 haut
629 3066 840 3124 infitias
867 3060 986 3123 ibo.
1073 3064 1338 3143 Denique
1370 3070 1561 3125 metus
1593 3071 1680 3125 est
1699 3112 1714 3133 ,
1755 3084 1831 3125 ne
1868 3065 2051 3126 multa
2080 3071 2346 3125 veterum
2386 3068 2742 3146 scriptorum

454 3171 784 3244 testimonia
829 3202 924 3243 me
969 3184 1238 3244 omisisse
1279 3184 1421 3243 mihi
1467 3184 1696 3244 crimini
1742 3183 1931 3244 detur.
2027 3184 2099 3243 At
2140 3190 2444 3261 reputent,
2499 3204 2738 3264 quaem,

453 3303 724 3362 homines
768 3302 955 3372 docti,
1013 3321 1107 3362 me
1151 3311 1279 3380 pro¹
1305 3304 1542 3362 fortuna
1589 3322 1721 3363 mea
1778 3301 1963 3379 pluris
2001 3301 2185 3362 libros
2224 3285 2577 3383 'perquirere
2619 3326 2741 3367 non

454 3422 745 3500 potuisse,
795 3426 851 3481 et
896 3439 998 3480 eos
1036 3419 1198 3479 locos
1245 3427 1484 3493 enotare
1530 3422 1668 3481 satis
1706 3420 2009 3491 habuisse,
2054 3412 2152 3499 qui
2196 3421 2409 3501 aliquid
2457 3424 2735 3495 utilitatis,

453 3560 570 3619 quo
607 3540 824 3599 rectius
856 3539 929 3598 de
959 3544 1119 3599 textu
1151 3540 1455 3616 scriptoris
1481 3539 1868 3609 iudicaretur,
1910 3541 2141 3601 adferre
2170 3541 2525 3604 viderentur.
2587 3542 2738 3605 Illud

453 3658 652 3727 doleo,
721 3657 880 3735 quod
903 3657 1150 3717 ‘Hertzii
1209 3658 1490 3718 Prisciani
1558 3658 1826 3718 editionis
1881 3658 2175 3744 volumine
2224 3660 2408 3721 altero
2458 3663 2601 3723 mihi
2652 3667 2737 3725 uti

451 3754 572 3839 non
613 3757 792 3871 licuit.

620 3899 685 3957 In
741 3897 945 3955 formis
989 3895 1408 3956 vocabulorum
1466 3874 1809 3956 exhibendis
1847 3902 2131 3975 ratione5‚
2193 3918 2339 3977 quas
2382 3900 2738 3963 Ritschelius

451 4015 886 4077 Fleckeisenius
924 4013 1018 4073 alii
1056 4015 1163 4073 viri
1207 4015 1279 4074 de
1313 4014 1522 4076 latinae
1566 4015 1799 4091 linguae
1840 4018 2079 4077 scientia
2114 4018 2499 4079 inmortaliter
2541 4023 2739 4081 meriti

451 4137 798 4195 invenerunt
812 4143 828 4204 ,'
881 4134 957 4193 ita
1004 4139 1240 4193 secutus
1284 4153 1444 4205 sunl,
1493 4141 1557 4195 ut
1600 4125 1757 4212 quod
1802 4134 1968 4195 libris
2012 4155 2189 4196 manu
2246 4138 2478 4215 scriptis
2518 4141 2734 4199 confir-

450 4258 711 4314 maretur
749 4265 834 4313 ac·
857 4253 1375 4323 conmendaretur,
1410 4260 1609 4315 tamen
1640 4254 1932 4333 antiquius
1967 4254 2267 4317 haberem.
2341 4257 2437 4317 Sic
2468 4260 2737 4335 quamvis
