3042 4917
543 283 624 350 80
1219 299 1826 347 oonnnummonun
1872 298 2013 346 cn».
2062 301 2150 348 ιν.

545 459 828 518 suetudine
887 473 996 514 non
1051 457 1286 514 alienum
1335 474 1468 514 esse·
1504 456 1845 530 intellegitur
1896 476 1963 515 ex
2005 458 2119 533 lug.
2161 465 2260 521 40,
2301 465 2335 517 2
2378 464 2433 515 et
2472 462 2503 514 3
2546 466 2603 514 et
2646 461 2743 523 73,
2786 465 2821 518 4

544 581 642 620 nee
682 561 970 636 quidquam
1016 559 1198 615 obstat
1243 579 1351 634 quo
1381 560 1561 616 minus
1604 566 1689 622 42,
1731 569 1763 620 5
1807 561 1874 618 de
1918 561 2122 617 eisdem
2161 560 2297 616 solis
2334 561 2629 634 cogitetur.
2706 561 2820 616 Fa-

543 667 782 722 ctionem
818 670 995 718 autem
1043 678 1258 734 semper
1307 661 1411 718 dici
1463 663 1529 718 ad
1574 661 1918 718 obtinendam
1961 662 2015 717 in
2065 679 2125 718 re
2164 662 2381 736 publica
2421 662 2606 718 initam
2650 662 2823 718 socie-

548 774 730 829 tatem,
787 781 922 836 ergo
967 781 1067 838 per
1111 781 1168 819 se
1212 763 1278 818 de
1324 763 1695 837 optumatibus
1740 763 2013 838 intellegi,
2070 781 2193 820 cum
2238 780 2302 819 ex
2344 763 2451 820 Cic.
2490 763 2542 818 d.
2586 763 2721 837 Rep.
2763 764 2827 817 111

547 875 630 930 14,
675 873 746 927 23
788 872 1018 927 constat,
1069 871 1180 920 tum
1227 883 1358 921 usus
1406 865 1533 922 Sall.
1579 866 1738 921 docet
1780 864 1899 938 (cfr.
1948 866 2059 922 Cat.
2107 871 2190 927 34,
2224 871 2273 922 2.
2320 865 2435 937 lug.
2478 871 2563 926 31,
2606 873 2634 924 1
2686 872 2741 920 et
2777 871 2824 922 4.

545 969 632 1024 Fr.
665 968 730 1024 Ill
771 974 867 1030 59,
914 973 948 1028 3
989 974 1046 1022 et
1085 973 1145 1028 8,
1205 983 1381 1041 neque
1443 966 1706 1034 dissimile
1749 975 1834 1023 est
1877 968 1991 1041 lug.
2048 973 2143 1030 29,
2194 973 2257 1031 2;
2312 974 2461 1024 certe
2515 965 2583 1020 M.
2639 965 2829 1022 Scauri

546 1070 711 1127 factio
749 1069 853 1124 fuit
895 1067 1188 1141 nobilitas).
1273 1067 1416 1136 Quae
1451 1086 1575 1124 cum
1623 1069 1697 1124 ita
1742 1069 1880 1132 sint,
1935 1087 2115 1126 nonne
2167 1069 2391 1143 adparet
2447 1067 2538 1124 illa
2580 1067 2693 1124 duo
2740 1085 2829 1123 vo-

545 1171 735 1229 cabula
775 1171 1151 1242 popularium
1195 1179 1250 1226 et
1290 1177 1530 1226 senatus
1571 1168 1811 1226 librariis
1865 1172 2052 1245 potius
2097 1177 2317 1246 accepta
2372 1171 2665 1226 referunda
2711 1186 2827 1225 esse

549 1291 708 1356 quam
753 1271 1025 1346 scriptori.
1111 1272 1360 1328 Ceterum
1406 1273 1576 1328 eiusd.
1622 1289 1738 1346 cap.
1789 1280 1856 1332 10
1900 1273 2004 1330 iam
2064 1273 2119 1329 in
2169 1289 2279 1328 var.
2324 1270 2449 1328 lect.
2512 1271 2827 1345 significavi,

547 1359 805 1452 quoniam
840 1375 1227 1446 permixtione
1278 1375 1649 1430 vetustissumi
1702 1382 1757 1430 et
1802 1375 2013 1449 optumi
2054 1374 2181 1430 libri
2226 1380 2439 1436 tenent,
2486 1381 2541 1428 et
2588 1373 2643 1428 in
2688 1375 2834 1428 oriri

548 1479 801 1539 variatur,
848 1475 1007 1531 verba
1043 1482 1098 1529 et
1141 1476 1414 1532 dissensio
1450 1479 1631 1531 civilis
1676 1484 1732 1531 et
1772 1479 1921 1532 oriri
1948 1477 2080 1532 mihi
2125 1494 2189 1532 ex
2232 1473 2561 1548 glossemate
2591 1483 2719 1531 nata
2758 1475 2829 1528 vi—

547 1580 689 1642 deri,
741 1577 942 1652 quippe
998 1594 1108 1650 quo
1163 1579 1378 1633 moveri
1423 1579 1625 1633 civitas
1689 1577 2012 1652 explicatum
2070 1578 2295 1633 fuisset:
2350 1594 2460 1632 non
2517 1593 2627 1650 quo
2682 1584 2829 1632 recte

551 1681 728 1739 omnia
785 1679 927 1735 dicta
980 1696 1098 1734 esse
1157 1695 1442 1752 negarem,
1495 1687 1579 1735 set
1635 1679 1907 1758 civitatem
1958 1688 2069 1736 tam
2126 1677 2491 1735 vehementer*
2524 1685 2830 1753 permotam

549 1802 687 1847 esse,
747 1799 906 1856 quam
958 1780 1012 1835 in
1066 1781 1424 1854 permixtione
1481 1790 1660 1837 terrae
1704 1781 1821 1837 fieri
1864 1788 2287 1838 consentaneum
2344 1781 2443 1844 sit,
2499 1797 2609 1836 non
2650 1780 2829 1836 minus

549 1894 695 1943 recte
730 1884 834 1940 dici
880 1882 1177 1938 videbatur.

719 1988 832 2060 lug.
881 1993 964 2048 49,
1011 1993 1038 2043 1
1083 2001 1320 2042 suorum
1365 1985 1431 2040 ab
1477 1984 1631 2041 libris
1668 2003 1777 2041 non
1812 1986 2099 2042 admodum
2146 1992 2459 2059 suspectum
2506 2001 2626 2040 esse
2674 1983 2827 2041 facile

547 2091 802 2152 concedo,
845 2096 902 2143 at
939 2087 992 2142 id
1037 2087 1352 2162 vocabulum
1397 2105 1504 2144 non
1558 2088 1719 2143 modo
1764 2087 2125 2161 superfluum,
2184 2094 2267 2143 set
2318 2103 2489 2160 paene
2535 2085 2827 2142 absurdum

547 2211 668 2250 esse
721 2189 1008 2248 contendo.
1109 2189 1354 2256 Quorum
1397 2189 1541 2246 enim
1600 2189 1768 2245 aciem
1831 2197 2121 2245 extenuare
2176 2188 2374 2262 potuit,
2423 2188 2529 2244 nisi
2568 2188 2827 2244 suorum?

550 2293 696 2350 Talia
740 2292 918 2347 dicere
963 2307 1072 2346 non
1122 2298 1206 2346 est
1260 2291 1588 2364 scriptorum
1632 2291 1795 2365 paulo
1839 2289 2236 2364 elegantiorum
2278 2299 2334 2346 et
2377 2290 2703 2366 quisquilias
2748 2289 2827 2345 fu-

549 2395 829 2470 gientium.
914 2392 1044 2448 Cum
1078 2392 1248 2464 igitur
1291 2393 1494 2466 aliquid
1538 2393 1865 2467 suspicionis
1910 2387 2154 2449 ecdicum
2198 2392 2483 2467 scripturis
2526 2399 2823 2454 moveatur,

552 2497 850 2554 tollendum
893 2493 1024 2549 illud
1065 2493 1319 2549 arbitror.
1399 2495 1506 2549 Nee
1549 2494 1727 2550 minus
1758 2504 1841 2558 50,
1876 2504 1910 2556 3
1950 2497 2222 2566 peditum,
2272 2495 2417 2568 quod
2462 2495 2827 2550 necessarium

549 2615 668 2656 esse
714 2614 874 2654 nemo
913 2595 1220 2657 contendet,
1261 2597 1644 2652 removendum
1674 2614 1885 2660 cense0,
1937 2597 2192 2671 quoniam
2236 2596 2291 2652 in
2331 2595 2625 2652 recentiori
2669 2603 2827 2671 optu-

550 2717 760 2758 morum
805 2697 1072 2753 librorum
1113 2696 1328 2760 familia,
1378 2698 1619 2771 quamvis
1666 2698 1719 2753 in
1756 2716 1821 2755 eo
1872 2717 2030 2774 saepe
2076 2700 2211 2755 ordo
2256 2699 2543 2755 verborum
2587 2706 2827 2754 mutatus

551 2810 639 2865 s1t,
684 2810 864 2858 tamen
908 2818 974 2856 eo
1013 2798 1137 2856 loco
1195 2800 1435 2873 positum
1491 2810 1601 2864 est,
1656 2793 1789 2874 quo'
1822 2801 1955 2857 ferri
2013 2801 2232 2874 nequit:
2287 2807 2530 2857 montem
2586 2807 2831 2872 occupat

538 2909 815 2979 peditum.
895 2903 965 2959 De
1003 2909 1087 2965 53,
1134 2907 1163 2960 7
1204 2920 1320 2976 cap.
1367 2902 1410 2957 V
1453 2903 1643 2959 dicam.

721 3008 833 3079 lug.
859 3012 943 3068 54,
969 3015 1000 3066 5
1024 3021 1193 3078 paene
1230 3004 1402 3062 miror
1443 3005 1509 3060 ab
1541 3005 1937 3062 recentioribus
1972 3003 2273 3061 editoribus
2316 3011 2535 3078 praeter
2564 3003 2832 3060 Kritzium

548 3115 609 3170 in
657 3111 778 3166 acie
832 3109 1089 3164 intactum
1149 3105 1398 3162 relictum
1449 3125 1586 3163 esse.
1677 3107 2007 3182 Quamquam
2066 3093 2207 3163 enim
2256 3106 2346 3178 qui
2394 3105 2520 3161 libri
2572 3105 2833 3162 omittunt

549 3217 643 3285 in,
695 3201 804 3268 non
861 3218 1010 3268 tanta
1063 3209 1164 3264 fide
1221 3217 1375 3272 sunt,
1426 3209 1507 3264 uti
1563 3227 1693 3265 casu
1750 3210 2002 3266 omissam
2052 3227 2171 3264 esse
2225 3207 2689 3282 praepositionem
2739 3226 2833 3264 ne-

553 3316 786 3389 gandum
839 3313 1111 3375 videatur,
1173 3319 1348 3367 tamen
1410 3311 1541 3385 quin
1596 3319 1743 3367 recte
1800 3312 1972 3368 eiecta
2028 3311 2129 3373 sit,
2188 3309 2424 3366 dubitari
2486 3309 2570 3364 vix
2625 3317 2831 3383 potest.

551 3419 681 3472 Nam
736 3413 1088 3488 aequabilitas
1134 3414 1501 3490 membrorum
1539 3412 1755 3469 tollitur
1800 3431 1863 3469 ea
1918 3413 2097 3468 addita
2154 3443 2227 3452 —
2276 3413 2481 3468 variare
2528 3411 2835 3469 orationem

554 3518 749 3576 amavit
793 3515 919 3572 Sall.
964 3523 1048 3571 set
1096 3515 1150 3570 in
1184 3514 1432 3571 dissimili
1477 3533 1536 3571 re
1579 3546 1685 3578 —,
1738 3533 1915 3589 neque
1959 3512 2130 3570 ullum
2182 3515 2486 3588 exemplum
2540 3515 2834 3588 reperitur,

553 3621 647 3678 ubi
688 3637 808 3678 cum
855 3619 922 3674 de
965 3619 1126 3674 modo
1173 3617 1448 3692 pugnandi
1493 3635 1674 3674 serino
1720 3618 1807 3680 sit,
1856 3619 1915 3674 in
1956 3617 2264 3673 adiunctum
2307 3609 2523 3690 legatur
2565 3615 2684 3688 (cfr.
2716 3615 2834 3690 lug.

552 3729 637 3787 97,
681 3730 716 3782 4
765 3739 877 3778 non
928 3723 1051 3777 acie
1107 3715 1288 3793 n'eque
1337 3723 1450 3776 ullo
1495 3735 1654 3777 more
1698 3715 1919 3795 proeli)
1978 3727 2034 3775 et
2079 3737 2147 3775 ne
2205 3719 2345 3775 ratio
2409 3719 2624 3792 quidem
2664 3726 2727 3774 ut
2772 3735 2838 3774 ea

552 3827 878 3900 adiungatur
933 3824 1206 3886 concedit,
1265 3823 1524 3898 quoniam
1576 3826 1635 3879 in
1692 3825 1815 3878 acie
1850 3827 2080 3894 puynat
2123 3821 2195 3884 is,
2252 3821 2345 3894 qui
2403 3825 2515 3877 acie
2571 3822 2840 3876 instructa

551 3936 791 4006 pugnat,
849 3943 960 3984 non
1006 3925 1098 4002 qui
1133 3925 1245 3983 acie
1289 3925 1607 3983 instruenda
1653 3924 1852 3981 bellum
1896 3923 2055 3997 gerit.
2146 3922 2289 3978 ldem
2334 3923 2620 3979 discrimen
2667 3922 2841 3978 inter-

553 4032 696 4090 cedit
739 4031 882 4087 inter
923 4033 1051 4087 iure
1094 4030 1387 4086 vindicare
1427 4038 1482 4085 et
1524 4030 1585 4084 in
1640 4030 1767 4083 iure
1812 4027 2105 4084 vindicare
2154 4023 2291 4096 (Cic.
2332 4024 2382 4080 d.
2428 4042 2509 4080 or.
2555 4024 2576 4079 Ι
2620 4031 2702 4086 lo,
2752 4031 2837 4082 41.

551 4135 757 4192 Piderit
801 4130 1112 4190 zur'Kritik
1156 4151 1207 4188 u.
1253 4131 1492 4204 Exegese
1538 4149 1585 4186 v.
1626 4129 1730 4184 Cic.
1774 4129 1825 4183 d.
1872 4145 1951 4184 or.
1991 4127 2175 4183 Hanau
2220 4133 2359 4188 1858
2400 4144 2452 4200 p.
2494 4125 2596 4198 15).

723 4235 837 4311 lug.
881 4241 968 4298 58,
1017 4241 1052 4293 4
1099 4235 1178 4290 sic
1213 4235 1424 4291 editur:
1467 4233 1711 4289 Interim
1755 4231 2017 4286 Metellus
2060 4247 2190 4286 eum
2236 4243 2540 4284 acerrume
2575 4241 2697 4281 rem
2737 4242 2839 4300 ye-

553 4345 728 4410 reret,
774 4342 1080 4398 clamorem
1123 4339 1378 4396 hostilem
1423 4355 1458 4394 a
1493 4342 1653 4409 terqo
1686 4335 1923 4408 accepit.
2000 4332 2093 4390 Set
2132 4348 2194 4388 ea
2233 4329 2503 4407 scriptura
2533 4345 2840 4406 paucorum
