<?xml version="1.0" encoding="UTF-8"?>
<!DOCTYPE html PUBLIC "-//W3C//DTD XHTML 1.0 Transitional//EN"
    "http://www.w3.org/TR/xhtml1/DTD/xhtml1-transitional.dtd">
<html xmlns="http://www.w3.org/1999/xhtml" xml:lang="en" lang="en">
 <head>
  <title>
</title>
<meta http-equiv="Content-Type" content="text/html;charset=utf-8" />
  <meta name='ocr-system' content='tesseract 3.04.00' />
  <meta name='ocr-capabilities' content='ocr_page ocr_carea ocr_par ocr_line ocrx_word'/>
</head>
<body>
  <div class='ocr_page' id='page_1' title='image "./gaisallusticris00dietgoog_0111.png"; bbox 0 0 3042 4917; ppageno 0'>
   <div class='ocr_carea' id='block_1_1' title="bbox 884 278 2487 351">
    <p class='ocr_par' dir='ltr' id='par_1_1' title="bbox 884 278 2487 351">
     <span class='ocr_line' id='line_1_1' title="bbox 884 278 2487 351; baseline -0.002 -1"><span class='ocrx_word' id='word_1_1' title='bbox 884 300 1493 351; x_wconf 67' lang='lat' dir='ltr'>oonnnsm&#39;monun</span> <span class='ocrx_word' id='word_1_2' title='bbox 1535 299 1675 348; x_wconf 60' lang='lat' dir='ltr'>car.</span> <span class='ocrx_word' id='word_1_3' title='bbox 1721 299 1807 348; x_wconf 76' lang='grc' dir='ltr'>ιν.</span> <span class='ocrx_word' id='word_1_4' title='bbox 2405 278 2487 350; x_wconf 81' lang='grc'>97</span> 
     </span>
    </p>
   </div>
   <div class='ocr_carea' id='block_1_2' title="bbox 182 458 2486 2770">
    <p class='ocr_par' dir='ltr' id='par_1_2' title="bbox 182 458 2486 2770">
     <span class='ocr_line' id='line_1_2' title="bbox 182 458 2486 536; baseline -0.001 -16"><span class='ocrx_word' id='word_1_5' title='bbox 182 463 379 535; x_wconf 77' lang='lat' dir='ltr'>fieret.</span> <span class='ocrx_word' id='word_1_6' title='bbox 472 459 721 519; x_wconf 80' lang='lat' dir='ltr'>Romani</span> <span class='ocrx_word' id='word_1_7' title='bbox 764 463 909 536; x_wconf 86' lang='lat' dir='ltr'>quod</span> <span class='ocrx_word' id='word_1_8' title='bbox 952 459 1211 536; x_wconf 80' lang='lat' dir='ltr'>permulti</span> <span class='ocrx_word' id='word_1_9' title='bbox 1253 460 1589 519; x_wconf 77' lang='lat' dir='ltr'>recentiores</span> <span class='ocrx_word' id='word_1_10' title='bbox 1631 458 1760 518; x_wconf 83' lang='lat' dir='ltr'>libri</span> <span class='ocrx_word' id='word_1_11' title='bbox 1811 468 1940 535; x_wconf 87' lang='lat' dir='ltr'>post</span> <span class='ocrx_word' id='word_1_12' title='bbox 1975 463 2182 532; x_wconf 81' lang='lat' dir='ltr'>populi</span> <span class='ocrx_word' id='word_1_13' title='bbox 2221 461 2486 535; x_wconf 85' lang='lat' dir='ltr'>scriptum</span> 
     </span>
     <span class='ocr_line' id='line_1_3' title="bbox 184 561 2483 636; baseline 0 -16"><span class='ocrx_word' id='word_1_14' title='bbox 184 565 481 628; x_wconf 82' lang='lat' dir='ltr'>exhibent,</span> <span class='ocrx_word' id='word_1_15' title='bbox 540 582 607 621; x_wconf 89' lang='lat' dir='ltr'>eo</span> <span class='ocrx_word' id='word_1_16' title='bbox 661 565 925 621; x_wconf 87' lang='lat' dir='ltr'>vocabulo</span> <span class='ocrx_word' id='word_1_17' title='bbox 980 563 1137 621; x_wconf 85' lang='lat' dir='ltr'>facile</span> <span class='ocrx_word' id='word_1_18' title='bbox 1192 581 1468 626; x_wconf 86' lang='lat' dir='ltr'>caremus,</span> <span class='ocrx_word' id='word_1_19' title='bbox 1527 581 1648 618; x_wconf 89' lang='lat' dir='ltr'>cum</span> <span class='ocrx_word' id='word_1_20' title='bbox 1694 580 1758 619; x_wconf 87' lang='lat' dir='ltr'>ex</span> <span class='ocrx_word' id='word_1_21' title='bbox 1805 562 1951 618; x_wconf 90' lang='lat' dir='ltr'>omni</span> <span class='ocrx_word' id='word_1_22' title='bbox 1993 561 2118 618; x_wconf 88' lang='lat' dir='ltr'>loco</span> <span class='ocrx_word' id='word_1_23' title='bbox 2165 563 2483 636; x_wconf 85' lang='lat' dir='ltr'><strong>quibuscum</strong></span> 
     </span>
     <span class='ocr_line' id='line_1_4' title="bbox 184 647 2486 740; baseline -0 -18"><span class='ocrx_word' id='word_1_24' title='bbox 184 683 297 740; x_wconf 80' lang='lat' dir='ltr'>pax</span> <span class='ocrx_word' id='word_1_25' title='bbox 342 675 439 723; x_wconf 86' lang='lat' dir='ltr'>aut</span> <span class='ocrx_word' id='word_1_26' title='bbox 477 668 671 723; x_wconf 83' lang='lat' dir='ltr'>foedus</span> <span class='ocrx_word' id='word_1_27' title='bbox 716 647 1022 722; x_wconf 79' lang='lat' dir='ltr'>faciundum</span> <span class='ocrx_word' id='word_1_28' title='bbox 1081 666 1153 722; x_wconf 91' lang='lat' dir='ltr'>sit</span> <span class='ocrx_word' id='word_1_29' title='bbox 1210 665 1435 722; x_wconf 77' lang='lat' dir='ltr'>eluceat.</span> <span class='ocrx_word' id='word_1_30' title='bbox 1492 664 1622 720; x_wconf 71' lang='lat' dir='ltr'>‘Set</span> <span class='ocrx_word' id='word_1_31' title='bbox 1662 671 1898 720; x_wconf 77' lang='lat' dir='ltr'>senatus</span> <span class='ocrx_word' id='word_1_32' title='bbox 1948 671 2050 720; x_wconf 85' lang='lat' dir='ltr'>aut</span> <span class='ocrx_word' id='word_1_33' title='bbox 2090 667 2297 736; x_wconf 80' lang='lat' dir='ltr'>populi</span> <span class='ocrx_word' id='word_1_34' title='bbox 2333 665 2486 722; x_wconf 88' lang='lat' dir='ltr'>nullo</span> 
     </span>
     <span class='ocr_line' id='line_1_5' title="bbox 186 766 2482 842; baseline -0 -19"><span class='ocrx_word' id='word_1_35' title='bbox 186 769 359 824; x_wconf 87' lang='lat' dir='ltr'>modo</span> <span class='ocrx_word' id='word_1_36' title='bbox 400 769 533 824; x_wconf 83' lang='lat' dir='ltr'>ferri</span> <span class='ocrx_word' id='word_1_37' title='bbox 572 777 775 842; x_wconf 86' lang='lat' dir='ltr'>potest,</span> <span class='ocrx_word' id='word_1_38' title='bbox 822 769 1019 842; x_wconf 89' lang='lat' dir='ltr'>quibus</span> <span class='ocrx_word' id='word_1_39' title='bbox 1064 767 1239 824; x_wconf 88' lang='lat' dir='ltr'>verbis</span> <span class='ocrx_word' id='word_1_40' title='bbox 1286 767 1391 823; x_wconf 90' lang='lat' dir='ltr'>hoc</span> <span class='ocrx_word' id='word_1_41' title='bbox 1433 766 1742 823; x_wconf 85' lang='lat' dir='ltr'>diceretur:</span> <span class='ocrx_word' id='word_1_42' title='bbox 1790 766 2102 840; x_wconf 84' lang='lat' dir='ltr'>Iugurtham</span> <span class='ocrx_word' id='word_1_43' title='bbox 2147 783 2394 842; x_wconf 84' lang='lat' dir='ltr'>sperasse</span> <span class='ocrx_word' id='word_1_44' title='bbox 2437 769 2482 824; x_wconf 91' lang='lat' dir='ltr'>si</span> 
     </span>
     <span class='ocr_line' id='line_1_6' title="bbox 184 867 2484 944; baseline -0 -20"><span class='ocrx_word' id='word_1_45' title='bbox 184 868 402 926; x_wconf 80' lang='lat' dir='ltr'><strong>Sullam</strong></span> <span class='ocrx_word' id='word_1_46' title='bbox 444 879 662 944; x_wconf 89' lang='lat' dir='ltr'>captum</span> <span class='ocrx_word' id='word_1_47' title='bbox 707 870 947 932; x_wconf 89' lang='lat' dir='ltr'>haberet,</span> <span class='ocrx_word' id='word_1_48' title='bbox 993 870 1113 924; x_wconf 80' lang='lat' dir='ltr'>fore</span> <span class='ocrx_word' id='word_1_49' title='bbox 1157 878 1219 925; x_wconf 89' lang='lat' dir='ltr'>ut</span> <span class='ocrx_word' id='word_1_50' title='bbox 1258 868 1325 924; x_wconf 91' lang='lat' dir='ltr'>ab</span> <span class='ocrx_word' id='word_1_51' title='bbox 1368 876 1560 925; x_wconf 88' lang='lat' dir='ltr'>senatu</span> <span class='ocrx_word' id='word_1_52' title='bbox 1610 869 1657 925; x_wconf 88' lang='lat' dir='ltr'>si</span> <span class='ocrx_word' id='word_1_53' title='bbox 1695 887 1804 925; x_wconf 91' lang='lat' dir='ltr'>non</span> <span class='ocrx_word' id='word_1_54' title='bbox 1843 885 1872 924; x_wconf 91' lang='lat' dir='ltr'>a</span> <span class='ocrx_word' id='word_1_55' title='bbox 1907 867 2133 942; x_wconf 89' lang='lat' dir='ltr'>populo,</span> <span class='ocrx_word' id='word_1_56' title='bbox 2184 869 2252 924; x_wconf 91' lang='lat' dir='ltr'>ab</span> <span class='ocrx_word' id='word_1_57' title='bbox 2295 869 2398 925; x_wconf 90' lang='lat' dir='ltr'>hoc</span> <span class='ocrx_word' id='word_1_58' title='bbox 2437 869 2484 924; x_wconf 91' lang='lat' dir='ltr'>si</span> 
     </span>
     <span class='ocr_line' id='line_1_7' title="bbox 182 969 2482 1044; baseline 0.001 -20"><span class='ocrx_word' id='word_1_59' title='bbox 182 971 375 1026; x_wconf 86' lang='lat' dir='ltr'>minus</span> <span class='ocrx_word' id='word_1_60' title='bbox 410 971 479 1026; x_wconf 90' lang='lat' dir='ltr'>ab</span> <span class='ocrx_word' id='word_1_61' title='bbox 522 971 619 1026; x_wconf 90' lang='lat' dir='ltr'>illo</span> <span class='ocrx_word' id='word_1_62' title='bbox 664 971 857 1027; x_wconf 78' lang='lat' dir='ltr'>foedus</span> <span class='ocrx_word' id='word_1_63' title='bbox 896 971 1215 1044; x_wconf 85' lang='lat' dir='ltr'>inpetraret.</span> <span class='ocrx_word' id='word_1_64' title='bbox 1296 969 1427 1026; x_wconf 89' lang='lat' dir='ltr'>Nam</span> <span class='ocrx_word' id='word_1_65' title='bbox 1474 987 1800 1043; x_wconf 86' lang='lat' dir='ltr'>quamquam</span> <span class='ocrx_word' id='word_1_66' title='bbox 1843 969 2113 1026; x_wconf 88' lang='lat' dir='ltr'>interdum</span> <span class='ocrx_word' id='word_1_67' title='bbox 2150 972 2351 1027; x_wconf 82' lang='lat' dir='ltr'>factum</span> <span class='ocrx_word' id='word_1_68' title='bbox 2381 979 2482 1032; x_wconf 89' lang='lat' dir='ltr'>est,</span> 
     </span>
     <span class='ocr_line' id='line_1_8' title="bbox 186 1069 2482 1146; baseline 0 -19"><span class='ocrx_word' id='word_1_69' title='bbox 186 1081 255 1127; x_wconf 86' lang='lat' dir='ltr'>ut</span> <span class='ocrx_word' id='word_1_70' title='bbox 310 1072 551 1146; x_wconf 89' lang='lat' dir='ltr'>populus</span> <span class='ocrx_word' id='word_1_71' title='bbox 610 1081 801 1129; x_wconf 86' lang='lat' dir='ltr'>contra</span> <span class='ocrx_word' id='word_1_72' title='bbox 851 1079 1071 1128; x_wconf 88' lang='lat' dir='ltr'>senatus</span> <span class='ocrx_word' id='word_1_73' title='bbox 1122 1069 1501 1128; x_wconf 85' lang='lat' dir='ltr'>auctoritatem</span> <span class='ocrx_word' id='word_1_74' title='bbox 1549 1070 1750 1128; x_wconf 90' lang='lat' dir='ltr'>bellum</span> <span class='ocrx_word' id='word_1_75' title='bbox 1807 1069 1924 1128; x_wconf 81' lang='lat' dir='ltr'>fleri</span> <span class='ocrx_word' id='word_1_76' title='bbox 1975 1071 2216 1134; x_wconf 89' lang='lat' dir='ltr'>iuberet,</span> <span class='ocrx_word' id='word_1_77' title='bbox 2273 1071 2482 1128; x_wconf 88' lang='lat' dir='ltr'>nullum</span> 
     </span>
     <span class='ocr_line' id='line_1_9' title="bbox 184 1172 2482 1248; baseline 0.001 -20"><span class='ocrx_word' id='word_1_78' title='bbox 184 1181 375 1229; x_wconf 87' lang='lat' dir='ltr'>tamen</span> <span class='ocrx_word' id='word_1_79' title='bbox 429 1181 576 1230; x_wconf 78' lang='lat' dir='ltr'>extat</span> <span class='ocrx_word' id='word_1_80' title='bbox 630 1172 959 1248; x_wconf 80' lang='lat' dir='ltr'>exemplum,</span> <span class='ocrx_word' id='word_1_81' title='bbox 1019 1190 1131 1248; x_wconf 87' lang='lat' dir='ltr'>quo</span> <span class='ocrx_word' id='word_1_82' title='bbox 1187 1172 1449 1248; x_wconf 88' lang='lat' dir='ltr'>populum</span> <span class='ocrx_word' id='word_1_83' title='bbox 1508 1173 1626 1229; x_wconf 88' lang='lat' dir='ltr'>sine</span> <span class='ocrx_word' id='word_1_84' title='bbox 1669 1181 1884 1246; x_wconf 88' lang='lat' dir='ltr'>patrum</span> <span class='ocrx_word' id='word_1_85' title='bbox 1929 1174 2254 1230; x_wconf 86' lang='lat' dir='ltr'>auctoritate</span> <span class='ocrx_word' id='word_1_86' title='bbox 2298 1191 2482 1248; x_wconf 88' lang='lat' dir='ltr'>pacem</span> 
     </span>
     <span class='ocr_line' id='line_1_10' title="bbox 182 1274 2484 1348; baseline 0.001 -17"><span class='ocrx_word' id='word_1_87' title='bbox 182 1274 499 1331; x_wconf 84' lang='lat' dir='ltr'>decrevisse</span> <span class='ocrx_word' id='word_1_88' title='bbox 542 1276 827 1338; x_wconf 85' lang='lat' dir='ltr'>doceatur,</span> <span class='ocrx_word' id='word_1_89' title='bbox 886 1285 1051 1348; x_wconf 89' lang='lat' dir='ltr'>atque</span> <span class='ocrx_word' id='word_1_90' title='bbox 1099 1275 1233 1331; x_wconf 88' lang='lat' dir='ltr'>adeo</span> <span class='ocrx_word' id='word_1_91' title='bbox 1269 1274 1315 1330; x_wconf 90' lang='lat' dir='ltr'>si</span> <span class='ocrx_word' id='word_1_92' title='bbox 1361 1274 1414 1329; x_wconf 90' lang='lat' dir='ltr'>id</span> <span class='ocrx_word' id='word_1_93' title='bbox 1457 1274 1659 1330; x_wconf 86' lang='lat' dir='ltr'>factum</span> <span class='ocrx_word' id='word_1_94' title='bbox 1695 1283 1869 1335; x_wconf 86' lang='lat' dir='ltr'>esset,</span> <span class='ocrx_word' id='word_1_95' title='bbox 1913 1280 2088 1330; x_wconf 88' lang='lat' dir='ltr'>tamen</span> <span class='ocrx_word' id='word_1_96' title='bbox 2127 1282 2346 1332; x_wconf 85' lang='lat' dir='ltr'>senatus</span> <span class='ocrx_word' id='word_1_97' title='bbox 2389 1285 2484 1333; x_wconf 89' lang='lat' dir='ltr'>aut</span> 
     </span>
     <span class='ocr_line' id='line_1_11' title="bbox 184 1374 2482 1453; baseline 0.002 -21"><span class='ocrx_word' id='word_1_98' title='bbox 184 1376 392 1432; x_wconf 88' lang='lat' dir='ltr'>tacitus</span> <span class='ocrx_word' id='word_1_99' title='bbox 436 1385 531 1432; x_wconf 89' lang='lat' dir='ltr'>aut</span> <span class='ocrx_word' id='word_1_100' title='bbox 570 1377 825 1434; x_wconf 87' lang='lat' dir='ltr'>consulto</span> <span class='ocrx_word' id='word_1_101' title='bbox 863 1378 1007 1434; x_wconf 79' lang='lat' dir='ltr'>facto</span> <span class='ocrx_word' id='word_1_102' title='bbox 1050 1385 1243 1433; x_wconf 82' lang='lat' dir='ltr'>auctor</span> <span class='ocrx_word' id='word_1_103' title='bbox 1286 1375 1465 1432; x_wconf 85' lang='lat' dir='ltr'>fiebat.</span> <span class='ocrx_word' id='word_1_104' title='bbox 1551 1374 1688 1442; x_wconf 84' lang='lat' dir='ltr'>Quid</span> <span class='ocrx_word' id='word_1_105' title='bbox 1725 1375 1927 1448; x_wconf 82' lang='lat' dir='ltr'>igitur?</span> <span class='ocrx_word' id='word_1_106' title='bbox 1973 1392 2098 1430; x_wconf 86' lang='lat' dir='ltr'>num</span> <span class='ocrx_word' id='word_1_107' title='bbox 2142 1384 2330 1449; x_wconf 77' lang='lat' dir='ltr'>atque,</span> <span class='ocrx_word' id='word_1_108' title='bbox 2377 1396 2482 1453; x_wconf 86' lang='lat' dir='ltr'>pro</span> 
     </span>
     <span class='ocr_line' id='line_1_12' title="bbox 184 1475 2480 1553; baseline 0.001 -20"><span class='ocrx_word' id='word_1_109' title='bbox 184 1495 305 1552; x_wconf 90' lang='lat' dir='ltr'>quo</span> <span class='ocrx_word' id='word_1_110' title='bbox 364 1478 635 1536; x_wconf 86' lang='lat' dir='ltr'>interdum</span> <span class='ocrx_word' id='word_1_111' title='bbox 680 1486 783 1536; x_wconf 84' lang='lat' dir='ltr'>aut</span> <span class='ocrx_word' id='word_1_112' title='bbox 826 1495 1015 1535; x_wconf 88' lang='lat' dir='ltr'>errore</span> <span class='ocrx_word' id='word_1_113' title='bbox 1072 1478 1338 1551; x_wconf 91' lang='lat' dir='ltr'>scriptum</span> <span class='ocrx_word' id='word_1_114' title='bbox 1394 1484 1479 1533; x_wconf 91' lang='lat' dir='ltr'>est</span> <span class='ocrx_word' id='word_1_115' title='bbox 1534 1477 1787 1551; x_wconf 87' lang='lat' dir='ltr'>quodque</span> <span class='ocrx_word' id='word_1_116' title='bbox 1839 1477 1944 1533; x_wconf 87' lang='lat' dir='ltr'>hoc</span> <span class='ocrx_word' id='word_1_117' title='bbox 1987 1475 2112 1534; x_wconf 90' lang='lat' dir='ltr'>loco</span> <span class='ocrx_word' id='word_1_118' title='bbox 2156 1479 2311 1553; x_wconf 89' lang='lat' dir='ltr'>pauci</span> <span class='ocrx_word' id='word_1_119' title='bbox 2354 1479 2480 1536; x_wconf 86' lang='lat' dir='ltr'>libri</span> 
     </span>
     <span class='ocr_line' id='line_1_13' title="bbox 186 1553 2479 1664; baseline 0.002 -30"><span class='ocrx_word' id='word_1_120' title='bbox 186 1579 477 1653; x_wconf 86' lang='lat' dir='ltr'>praebent,</span> <span class='ocrx_word' id='word_1_121' title='bbox 522 1580 979 1656; x_wconf 79' lang='lat' dir='ltr'>adprobabimus?</span> <span class='ocrx_word' id='word_1_122' title='bbox 1070 1579 1165 1635; x_wconf 87' lang='lat' dir='ltr'>Cui</span> <span class='ocrx_word' id='word_1_123' title='bbox 1217 1597 1328 1634; x_wconf 87' lang='lat' dir='ltr'>non</span> <span class='ocrx_word' id='word_1_124' title='bbox 1364 1577 1499 1635; x_wconf 89' lang='lat' dir='ltr'>illud</span> <span class='ocrx_word' id='word_1_125' title='bbox 1545 1578 1760 1652; x_wconf 87' lang='lat' dir='ltr'>quidem</span> <span class='ocrx_word' id='word_1_126' title='bbox 1820 1579 2200 1654; x_wconf 79' lang='lat' dir='ltr'>obponendum</span> <span class='ocrx_word' id='word_1_127' title='bbox 2251 1553 2479 1664; x_wconf 62' lang='lat' dir='ltr'>videtur,</span> 
     </span>
     <span class='ocr_line' id='line_1_14' title="bbox 186 1680 2483 1757; baseline 0.002 -21"><span class='ocrx_word' id='word_1_128' title='bbox 186 1681 343 1754; x_wconf 88' lang='lat' dir='ltr'>quod</span> <span class='ocrx_word' id='word_1_129' title='bbox 392 1681 681 1740; x_wconf 87' lang='lat' dir='ltr'>Sallustius</span> <span class='ocrx_word' id='word_1_130' title='bbox 740 1699 1007 1756; x_wconf 88' lang='lat' dir='ltr'>nusquam</span> <span class='ocrx_word' id='word_1_131' title='bbox 1064 1681 1118 1736; x_wconf 92' lang='lat' dir='ltr'>in</span> <span class='ocrx_word' id='word_1_132' title='bbox 1176 1697 1239 1736; x_wconf 93' lang='lat' dir='ltr'>ea</span> <span class='ocrx_word' id='word_1_133' title='bbox 1288 1680 1526 1736; x_wconf 79' lang='lat' dir='ltr'>formula</span> <span class='ocrx_word' id='word_1_134' title='bbox 1579 1680 1845 1753; x_wconf 86' lang='lat' dir='ltr'>particula</span> <span class='ocrx_word' id='word_1_135' title='bbox 1889 1687 2059 1752; x_wconf 77' lang='lat' dir='ltr'>alque</span> <span class='ocrx_word' id='word_1_136' title='bbox 2101 1699 2234 1738; x_wconf 85' lang='lat' dir='ltr'>usus</span> <span class='ocrx_word' id='word_1_137' title='bbox 2279 1691 2364 1740; x_wconf 89' lang='lat' dir='ltr'>est</span> <span class='ocrx_word' id='word_1_138' title='bbox 2407 1683 2483 1757; x_wconf 78' lang='lat' dir='ltr'>(et</span> 
     </span>
     <span class='ocr_line' id='line_1_15' title="bbox 186 1780 2479 1858; baseline 0.002 -21"><span class='ocrx_word' id='word_1_139' title='bbox 186 1783 309 1856; x_wconf 80' lang='lat' dir='ltr'>lug.</span> <span class='ocrx_word' id='word_1_140' title='bbox 350 1791 461 1846; x_wconf 77' lang='lat'>104,</span> <span class='ocrx_word' id='word_1_141' title='bbox 507 1790 557 1842; x_wconf 86' lang='lat'>4.</span> <span class='ocrx_word' id='word_1_142' title='bbox 601 1793 717 1847; x_wconf 92' lang='grc'><strong>111,</strong></span> <span class='ocrx_word' id='word_1_143' title='bbox 758 1793 779 1842; x_wconf 85' lang='grc'><strong>1</strong></span> <span class='ocrx_word' id='word_1_144' title='bbox 822 1791 879 1839; x_wconf 88' lang='lat' dir='ltr'>et</span> <span class='ocrx_word' id='word_1_145' title='bbox 917 1791 967 1844; x_wconf 86' lang='lat'>9,</span> <span class='ocrx_word' id='word_1_146' title='bbox 998 1789 1047 1846; x_wconf 74' lang='lat'>2,</span> <span class='ocrx_word' id='word_1_147' title='bbox 1093 1781 1187 1837; x_wconf 85' lang='lat' dir='ltr'>ubi</span> <span class='ocrx_word' id='word_1_148' title='bbox 1230 1780 1478 1837; x_wconf 84' lang='lat' dir='ltr'>nonnulli</span> <span class='ocrx_word' id='word_1_149' title='bbox 1514 1790 1732 1838; x_wconf 60' lang='lat' dir='ltr'>veteres</span> <span class='ocrx_word' id='word_1_150' title='bbox 1778 1783 1992 1838; x_wconf 82' lang='lat' dir='ltr'>codices</span> <span class='ocrx_word' id='word_1_151' title='bbox 2037 1799 2146 1854; x_wconf 78' lang='lat' dir='ltr'>que</span> <span class='ocrx_word' id='word_1_152' title='bbox 2188 1785 2479 1858; x_wconf 88' lang='lat' dir='ltr'>praebent;</span> 
     </span>
     <span class='ocr_line' id='line_1_16' title="bbox 187 1863 2480 1959; baseline 0 -19"><span class='ocrx_word' id='word_1_153' title='bbox 187 1899 307 1956; x_wconf 82' lang='lat' dir='ltr'>que</span> <span class='ocrx_word' id='word_1_154' title='bbox 349 1885 465 1958; x_wconf 85' lang='lat' dir='ltr'>lug.</span> <span class='ocrx_word' id='word_1_155' title='bbox 512 1892 595 1948; x_wconf 83' lang='lat'>21,</span> <span class='ocrx_word' id='word_1_156' title='bbox 640 1893 675 1944; x_wconf 89' lang='lat'>4</span> <span class='ocrx_word' id='word_1_157' title='bbox 716 1885 805 1941; x_wconf 91' lang='lat' dir='ltr'>ubi</span> <span class='ocrx_word' id='word_1_158' title='bbox 848 1863 1023 1958; x_wconf 50' lang='lat' dir='ltr'>pauci·</span> <span class='ocrx_word' id='word_1_159' title='bbox 1046 1884 1202 1939; x_wconf 88' lang='lat' dir='ltr'>codd.</span> <span class='ocrx_word' id='word_1_160' title='bbox 1247 1898 1357 1955; x_wconf 83' lang='lat' dir='ltr'>que</span> <span class='ocrx_word' id='word_1_161' title='bbox 1398 1883 1684 1948; x_wconf 89' lang='lat' dir='ltr'>omittunt,</span> <span class='ocrx_word' id='word_1_162' title='bbox 1740 1883 1899 1959; x_wconf 88' lang='lat' dir='ltr'>pauci</span> <span class='ocrx_word' id='word_1_163' title='bbox 1951 1903 2054 1958; x_wconf 85' lang='lat' dir='ltr'>pro</span> <span class='ocrx_word' id='word_1_164' title='bbox 2111 1902 2177 1942; x_wconf 89' lang='lat' dir='ltr'>eo</span> <span class='ocrx_word' id='word_1_165' title='bbox 2235 1893 2292 1942; x_wconf 83' lang='lat' dir='ltr'>et</span> <span class='ocrx_word' id='word_1_166' title='bbox 2331 1887 2480 1942; x_wconf 81' lang='lat' dir='ltr'>exbi-</span> 
     </span>
     <span class='ocr_line' id='line_1_17' title="bbox 186 1985 2479 2058; baseline 0.001 -16"><span class='ocrx_word' id='word_1_167' title='bbox 186 1987 344 2042; x_wconf 83' lang='lat' dir='ltr'>bent.</span> <span class='ocrx_word' id='word_1_168' title='bbox 432 1985 542 2041; x_wconf 86' lang='lat' dir='ltr'>Cat.</span> <span class='ocrx_word' id='word_1_169' title='bbox 581 1993 665 2049; x_wconf 74' lang='lat'>34,</span> <span class='ocrx_word' id='word_1_170' title='bbox 712 1995 738 2046; x_wconf 90' lang='lat' dir='ltr'>l</span> <span class='ocrx_word' id='word_1_171' title='bbox 780 1993 1044 2042; x_wconf 79' lang='lat' dir='ltr'>senatum</span> <span class='ocrx_word' id='word_1_172' title='bbox 1077 1986 1287 2056; x_wconf 80' lang='lat' dir='ltr'>populi</span> <span class='ocrx_word' id='word_1_173' title='bbox 1325 1987 1582 2053; x_wconf 83' lang='lat' dir='ltr'>romani,</span> <span class='ocrx_word' id='word_1_174' title='bbox 1635 2015 1707 2026; x_wconf 91' lang='lat'>--</span> <span class='ocrx_word' id='word_1_175' title='bbox 1758 2002 1896 2058; x_wconf 90' lang='lat' dir='ltr'>quae</span> <span class='ocrx_word' id='word_1_176' title='bbox 1941 1986 2175 2042; x_wconf 84' lang='lat' dir='ltr'>formula</span> <span class='ocrx_word' id='word_1_177' title='bbox 2217 1988 2353 2044; x_wconf 88' lang='lat' dir='ltr'>adeo</span> <span class='ocrx_word' id='word_1_178' title='bbox 2398 1989 2479 2044; x_wconf 91' lang='lat' dir='ltr'>in-</span> 
     </span>
     <span class='ocr_line' id='line_1_18' title="bbox 186 2085 2478 2161; baseline -0.005 -17"><span class='ocrx_word' id='word_1_179' title='bbox 186 2087 586 2161; x_wconf 85' lang='lat' dir='ltr'>scriptionibus</span> <span class='ocrx_word' id='word_1_180' title='bbox 640 2095 838 2144; x_wconf 89' lang='lat' dir='ltr'>testata</span> <span class='ocrx_word' id='word_1_181' title='bbox 879 2097 990 2151; x_wconf 65' lang='lat' dir='ltr'>est,</span> <span class='ocrx_word' id='word_1_182' title='bbox 1048 2087 1147 2143; x_wconf 77' lang='lat' dir='ltr'>cfr.</span> <span class='ocrx_word' id='word_1_183' title='bbox 1194 2085 1379 2142; x_wconf 89' lang='lat' dir='ltr'>Cenot.</span> <span class='ocrx_word' id='word_1_184' title='bbox 1424 2086 1532 2141; x_wconf 82' lang='lat' dir='ltr'>Pis.</span> <span class='ocrx_word' id='word_1_185' title='bbox 1571 2103 1656 2160; x_wconf 90' lang='lat' dir='ltr'>ap.</span> <span class='ocrx_word' id='word_1_186' title='bbox 1705 2087 1795 2142; x_wconf 87' lang='lat' dir='ltr'>Or.</span> <span class='ocrx_word' id='word_1_187' title='bbox 1841 2104 1924 2142; x_wconf 89' lang='lat' dir='ltr'>nr.</span> <span class='ocrx_word' id='word_1_188' title='bbox 1969 2093 2073 2147; x_wconf 77' lang='lat'>642</span> <span class='ocrx_word' id='word_1_189' title='bbox 2123 2117 2198 2128; x_wconf 94' lang='grc'>--</span> <span class='ocrx_word' id='word_1_190' title='bbox 2239 2089 2478 2145; x_wconf 68' lang='lat' dir='ltr'>scriben-</span> 
     </span>
     <span class='ocr_line' id='line_1_19' title="bbox 188 2187 2480 2264; baseline 0.001 -20"><span class='ocrx_word' id='word_1_191' title='bbox 188 2191 323 2245; x_wconf 89' lang='lat' dir='ltr'>dum</span> <span class='ocrx_word' id='word_1_192' title='bbox 360 2206 481 2246; x_wconf 86' lang='lat' dir='ltr'>esse</span> <span class='ocrx_word' id='word_1_193' title='bbox 522 2207 644 2246; x_wconf 89' lang='lat' dir='ltr'>cum</span> <span class='ocrx_word' id='word_1_194' title='bbox 674 2189 938 2245; x_wconf 88' lang='lat' dir='ltr'>librorum</span> <span class='ocrx_word' id='word_1_195' title='bbox 972 2187 1351 2245; x_wconf 85' lang='lat' dir='ltr'>conmendatio</span> <span class='ocrx_word' id='word_1_196' title='bbox 1392 2187 1651 2248; x_wconf 85' lang='lat' dir='ltr'>ostendit,</span> <span class='ocrx_word' id='word_1_197' title='bbox 1700 2195 1810 2242; x_wconf 87' lang='lat' dir='ltr'>tum</span> <span class='ocrx_word' id='word_1_198' title='bbox 1850 2205 2033 2243; x_wconf 90' lang='lat' dir='ltr'>rerum</span> <span class='ocrx_word' id='word_1_199' title='bbox 2073 2189 2234 2253; x_wconf 80' lang='lat' dir='ltr'>ratic,</span> <span class='ocrx_word' id='word_1_200' title='bbox 2272 2190 2325 2245; x_wconf 90' lang='lat' dir='ltr'>in</span> <span class='ocrx_word' id='word_1_201' title='bbox 2361 2191 2480 2264; x_wconf 84' lang='lat' dir='ltr'>qui-</span> 
     </span>
     <span class='ocr_line' id='line_1_20' title="bbox 190 2288 2478 2365; baseline 0 -19"><span class='ocrx_word' id='word_1_202' title='bbox 190 2291 299 2346; x_wconf 87' lang='lat' dir='ltr'>bus</span> <span class='ocrx_word' id='word_1_203' title='bbox 344 2290 552 2365; x_wconf 90' lang='lat' dir='ltr'>populo</span> <span class='ocrx_word' id='word_1_204' title='bbox 597 2289 781 2347; x_wconf 90' lang='lat' dir='ltr'>nullus</span> <span class='ocrx_word' id='word_1_205' title='bbox 818 2290 971 2346; x_wconf 89' lang='lat' dir='ltr'>locus</span> <span class='ocrx_word' id='word_1_206' title='bbox 1012 2289 1209 2362; x_wconf 88' lang='lat' dir='ltr'>datur),</span> <span class='ocrx_word' id='word_1_207' title='bbox 1256 2289 1511 2362; x_wconf 88' lang='lat' dir='ltr'>quoniam</span> <span class='ocrx_word' id='word_1_208' title='bbox 1557 2288 1691 2344; x_wconf 87' lang='lat' dir='ltr'>nihil</span> <span class='ocrx_word' id='word_1_209' title='bbox 1737 2289 1948 2353; x_wconf 88' lang='lat' dir='ltr'>obstat,</span> <span class='ocrx_word' id='word_1_210' title='bbox 1988 2307 2098 2362; x_wconf 89' lang='lat' dir='ltr'>quo</span> <span class='ocrx_word' id='word_1_211' title='bbox 2141 2291 2318 2348; x_wconf 88' lang='lat' dir='ltr'>minus</span> <span class='ocrx_word' id='word_1_212' title='bbox 2363 2291 2478 2348; x_wconf 87' lang='lat' dir='ltr'>Sal-</span> 
     </span>
     <span class='ocr_line' id='line_1_21' title="bbox 190 2391 2477 2465; baseline 0.001 -19"><span class='ocrx_word' id='word_1_213' title='bbox 190 2391 419 2448; x_wconf 90' lang='lat' dir='ltr'>lustium</span> <span class='ocrx_word' id='word_1_214' title='bbox 465 2392 602 2448; x_wconf 87' lang='lat' dir='ltr'>hanc</span> <span class='ocrx_word' id='word_1_215' title='bbox 646 2391 717 2448; x_wconf 90' lang='lat' dir='ltr'>ob</span> <span class='ocrx_word' id='word_1_216' title='bbox 754 2409 999 2448; x_wconf 88' lang='lat' dir='ltr'>caussam</span> <span class='ocrx_word' id='word_1_217' title='bbox 1044 2391 1111 2446; x_wconf 91' lang='lat' dir='ltr'>ab</span> <span class='ocrx_word' id='word_1_218' title='bbox 1152 2391 1548 2449; x_wconf 86' lang='lat' dir='ltr'>consuetudine</span> <span class='ocrx_word' id='word_1_219' title='bbox 1589 2391 1906 2448; x_wconf 83' lang='lat' dir='ltr'>discessisse</span> <span class='ocrx_word' id='word_1_220' title='bbox 1956 2398 2284 2454; x_wconf 85' lang='lat' dir='ltr'>statuamus,</span> <span class='ocrx_word' id='word_1_221' title='bbox 2332 2395 2477 2465; x_wconf 85' lang='lat' dir='ltr'>quod</span> 
     </span>
     <span class='ocr_line' id='line_1_22' title="bbox 190 2491 2477 2567; baseline 0.001 -19"><span class='ocrx_word' id='word_1_222' title='bbox 190 2491 497 2567; x_wconf 77' lang='lat' dir='ltr'>exprimere</span> <span class='ocrx_word' id='word_1_223' title='bbox 532 2493 711 2556; x_wconf 87' lang='lat' dir='ltr'>vellet,</span> <span class='ocrx_word' id='word_1_224' title='bbox 757 2502 977 2567; x_wconf 88' lang='lat' dir='ltr'>praeter</span> <span class='ocrx_word' id='word_1_225' title='bbox 1018 2501 1263 2550; x_wconf 90' lang='lat' dir='ltr'>senatum</span> <span class='ocrx_word' id='word_1_226' title='bbox 1302 2492 1465 2549; x_wconf 88' lang='lat' dir='ltr'>etiam</span> <span class='ocrx_word' id='word_1_227' title='bbox 1502 2493 1571 2548; x_wconf 91' lang='lat' dir='ltr'>ab</span> <span class='ocrx_word' id='word_1_228' title='bbox 1613 2492 1820 2567; x_wconf 90' lang='lat' dir='ltr'>populo</span> <span class='ocrx_word' id='word_1_229' title='bbox 1865 2491 2058 2549; x_wconf 81' lang='lat' dir='ltr'>foedus</span> <span class='ocrx_word' id='word_1_230' title='bbox 2102 2502 2281 2550; x_wconf 89' lang='lat' dir='ltr'>ratum</span> <span class='ocrx_word' id='word_1_231' title='bbox 2325 2494 2477 2550; x_wconf 81' lang='lat' dir='ltr'>habi-</span> 
     </span>
     <span class='ocr_line' id='line_1_23' title="bbox 192 2593 2478 2669; baseline 0.002 -20"><span class='ocrx_word' id='word_1_232' title='bbox 192 2603 312 2649; x_wconf 88' lang='lat' dir='ltr'>tum</span> <span class='ocrx_word' id='word_1_233' title='bbox 344 2593 429 2648; x_wconf 81' lang='lat' dir='ltr'>iri.</span> <span class='ocrx_word' id='word_1_234' title='bbox 520 2595 613 2651; x_wconf 88' lang='lat' dir='ltr'>Set</span> <span class='ocrx_word' id='word_1_235' title='bbox 643 2595 909 2669; x_wconf 82' lang='lat' dir='ltr'>gravioris</span> <span class='ocrx_word' id='word_1_236' title='bbox 948 2594 1207 2651; x_wconf 87' lang='lat' dir='ltr'>momenti</span> <span class='ocrx_word' id='word_1_237' title='bbox 1252 2603 1351 2656; x_wconf 82' lang='lat' dir='ltr'>est,</span> <span class='ocrx_word' id='word_1_238' title='bbox 1400 2594 1546 2667; x_wconf 88' lang='lat' dir='ltr'>quod</span> <span class='ocrx_word' id='word_1_239' title='bbox 1582 2595 1742 2650; x_wconf 79' lang='lat' dir='ltr'>iussu</span> <span class='ocrx_word' id='word_1_240' title='bbox 1786 2601 2023 2652; x_wconf 77' lang='lat' dir='ltr'>senatus</span> <span class='ocrx_word' id='word_1_241' title='bbox 2064 2595 2170 2652; x_wconf 86' lang='lat' dir='ltr'>dici</span> <span class='ocrx_word' id='word_1_242' title='bbox 2204 2613 2314 2652; x_wconf 90' lang='lat' dir='ltr'>non</span> <span class='ocrx_word' id='word_1_243' title='bbox 2351 2596 2478 2653; x_wconf 85' lang='lat' dir='ltr'>licet</span> 
     </span>
     <span class='ocr_line' id='line_1_24' title="bbox 192 2695 2478 2770; baseline 0.002 -19"><span class='ocrx_word' id='word_1_244' title='bbox 192 2713 257 2751; x_wconf 89' lang='lat' dir='ltr'>ac</span> <span class='ocrx_word' id='word_1_245' title='bbox 301 2695 453 2751; x_wconf 89' lang='lat' dir='ltr'>nullo</span> <span class='ocrx_word' id='word_1_246' title='bbox 498 2715 726 2770; x_wconf 89' lang='lat' dir='ltr'>prorsus</span> <span class='ocrx_word' id='word_1_247' title='bbox 772 2697 933 2752; x_wconf 88' lang='lat' dir='ltr'>modo</span> <span class='ocrx_word' id='word_1_248' title='bbox 976 2695 1071 2752; x_wconf 86' lang='lat' dir='ltr'>ubi</span> <span class='ocrx_word' id='word_1_249' title='bbox 1105 2698 1361 2768; x_wconf 78' lang='lat' dir='ltr'>populus</span> <span class='ocrx_word' id='word_1_250' title='bbox 1400 2695 1686 2752; x_wconf 88' lang='lat' dir='ltr'>adiunctus</span> <span class='ocrx_word' id='word_1_251' title='bbox 1731 2705 1844 2760; x_wconf 86' lang='lat' dir='ltr'>est,</span> <span class='ocrx_word' id='word_1_252' title='bbox 1890 2697 2146 2770; x_wconf 89' lang='lat' dir='ltr'>quoniam</span> <span class='ocrx_word' id='word_1_253' title='bbox 2182 2699 2377 2754; x_wconf 79' lang='lat' dir='ltr'>iubere</span> <span class='ocrx_word' id='word_1_254' title='bbox 2421 2707 2478 2755; x_wconf 88' lang='lat' dir='ltr'>et</span> 
     </span>
    </p>
   </div>
   <div class='ocr_carea' id='block_1_3' title="bbox 92 2797 2476 2872">
    <p class='ocr_par' dir='ltr' id='par_1_3' title="bbox 92 2797 2476 2872">
     <span class='ocr_line' id='line_1_25' title="bbox 92 2797 2476 2872; baseline 0.002 -19"><span class='ocrx_word' id='word_1_255' title='bbox 92 2848 97 2853; x_wconf 86' lang='lat'>.</span> <span class='ocrx_word' id='word_1_256' title='bbox 192 2799 355 2852; x_wconf 78' lang='lat' dir='ltr'>iussu</span> <span class='ocrx_word' id='word_1_257' title='bbox 404 2805 515 2853; x_wconf 84' lang='lat' dir='ltr'>tum</span> <span class='ocrx_word' id='word_1_258' title='bbox 558 2797 842 2854; x_wconf 83' lang='lat' dir='ltr'>sollemnia</span> <span class='ocrx_word' id='word_1_259' title='bbox 878 2805 1005 2854; x_wconf 90' lang='lat' dir='ltr'>sunt</span> <span class='ocrx_word' id='word_1_260' title='bbox 1048 2799 1115 2854; x_wconf 91' lang='lat' dir='ltr'>de</span> <span class='ocrx_word' id='word_1_261' title='bbox 1148 2797 1227 2853; x_wconf 87' lang='lat' dir='ltr'>eis</span> <span class='ocrx_word' id='word_1_262' title='bbox 1274 2814 1413 2870; x_wconf 88' lang='lat' dir='ltr'>quae</span> <span class='ocrx_word' id='word_1_263' title='bbox 1467 2797 1535 2852; x_wconf 89' lang='lat' dir='ltr'>ab</span> <span class='ocrx_word' id='word_1_264' title='bbox 1587 2805 1782 2854; x_wconf 87' lang='lat' dir='ltr'>senatu</span> <span class='ocrx_word' id='word_1_265' title='bbox 1825 2806 1920 2854; x_wconf 91' lang='lat' dir='ltr'>aut</span> <span class='ocrx_word' id='word_1_266' title='bbox 1957 2798 2024 2855; x_wconf 91' lang='lat' dir='ltr'>ab</span> <span class='ocrx_word' id='word_1_267' title='bbox 2066 2799 2476 2872; x_wconf 80' lang='lat' dir='ltr'>magistratibus</span> 
     </span>
    </p>
   </div>
   <div class='ocr_carea' id='block_1_4' title="bbox 192 2897 2486 4396">
    <p class='ocr_par' dir='ltr' id='par_1_4' title="bbox 192 2897 2486 4190">
     <span class='ocr_line' id='line_1_26' title="bbox 192 2897 2474 2974; baseline 0.001 -21"><span class='ocrx_word' id='word_1_268' title='bbox 192 2898 541 2972; x_wconf 84' lang='lat' dir='ltr'>promulgata</span> <span class='ocrx_word' id='word_1_269' title='bbox 591 2899 827 2974; x_wconf 89' lang='lat' dir='ltr'>populus</span> <span class='ocrx_word' id='word_1_270' title='bbox 882 2898 1155 2972; x_wconf 79' lang='lat' dir='ltr'>suffragiis</span> <span class='ocrx_word' id='word_1_271' title='bbox 1199 2899 1313 2955; x_wconf 88' lang='lat' dir='ltr'>suis</span> <span class='ocrx_word' id='word_1_272' title='bbox 1356 2906 1472 2954; x_wconf 87' lang='lat' dir='ltr'>rata</span> <span class='ocrx_word' id='word_1_273' title='bbox 1512 2899 1676 2955; x_wconf 86' lang='lat' dir='ltr'>hahet</span> <span class='ocrx_word' id='word_1_274' title='bbox 1729 2897 1847 2971; x_wconf 86' lang='lat' dir='ltr'>(cfr.</span> <span class='ocrx_word' id='word_1_275' title='bbox 1895 2900 2007 2973; x_wconf 87' lang='lat' dir='ltr'>lug.</span> <span class='ocrx_word' id='word_1_276' title='bbox 2055 2908 2150 2962; x_wconf 83' lang='lat'>40,</span> <span class='ocrx_word' id='word_1_277' title='bbox 2185 2909 2233 2962; x_wconf 83' lang='lat'>3.</span> <span class='ocrx_word' id='word_1_278' title='bbox 2274 2906 2377 2964; x_wconf 85' lang='lat'>73,</span> <span class='ocrx_word' id='word_1_279' title='bbox 2423 2907 2474 2963; x_wconf 87' lang='grc'>7.</span> 
     </span>
     <span class='ocr_line' id='line_1_27' title="bbox 192 2999 2474 3075; baseline -0.001 -15"><span class='ocrx_word' id='word_1_280' title='bbox 192 3007 287 3063; x_wconf 75' lang='lat'>84,</span> <span class='ocrx_word' id='word_1_281' title='bbox 338 3007 384 3059; x_wconf 86' lang='lat'>1.</span> <span class='ocrx_word' id='word_1_282' title='bbox 426 3007 523 3062; x_wconf 79' lang='lat'>85,</span> <span class='ocrx_word' id='word_1_283' title='bbox 588 3010 665 3061; x_wconf 84' lang='lat'>11.</span> <span class='ocrx_word' id='word_1_284' title='bbox 719 3002 829 3058; x_wconf 88' lang='lat' dir='ltr'>Cat.</span> <span class='ocrx_word' id='word_1_285' title='bbox 872 3009 969 3063; x_wconf 79' lang='lat'>29,</span> <span class='ocrx_word' id='word_1_286' title='bbox 1017 2999 1089 3073; x_wconf 85' lang='lat'>3).</span> <span class='ocrx_word' id='word_1_287' title='bbox 1177 3000 1256 3055; x_wconf 89' lang='lat' dir='ltr'>Ad</span> <span class='ocrx_word' id='word_1_288' title='bbox 1303 3017 1439 3073; x_wconf 88' lang='lat' dir='ltr'>quae</span> <span class='ocrx_word' id='word_1_289' title='bbox 1483 3001 1720 3064; x_wconf 86' lang='lat' dir='ltr'>adcedit,</span> <span class='ocrx_word' id='word_1_290' title='bbox 1779 3002 1924 3075; x_wconf 88' lang='lat' dir='ltr'>quod</span> <span class='ocrx_word' id='word_1_291' title='bbox 1973 3001 2298 3074; x_wconf 88' lang='lat' dir='ltr'>ubicumque</span> <span class='ocrx_word' id='word_1_292' title='bbox 2356 3010 2474 3074; x_wconf 77' lang='lat' dir='ltr'>aut,</span> 
     </span>
     <span class='ocr_line' id='line_1_28' title="bbox 194 3101 2474 3176; baseline 0 -18"><span class='ocrx_word' id='word_1_293' title='bbox 194 3104 309 3170; x_wconf 85' lang='lat' dir='ltr'>vel,</span> <span class='ocrx_word' id='word_1_294' title='bbox 360 3102 557 3158; x_wconf 88' lang='lat' dir='ltr'>similia</span> <span class='ocrx_word' id='word_1_295' title='bbox 605 3102 661 3157; x_wconf 88' lang='lat' dir='ltr'>in</span> <span class='ocrx_word' id='word_1_296' title='bbox 729 3102 885 3158; x_wconf 87' lang='lat' dir='ltr'>libris</span> <span class='ocrx_word' id='word_1_297' title='bbox 923 3102 1101 3158; x_wconf 90' lang='lat' dir='ltr'>alieno</span> <span class='ocrx_word' id='word_1_298' title='bbox 1136 3101 1259 3158; x_wconf 90' lang='lat' dir='ltr'>loco</span> <span class='ocrx_word' id='word_1_299' title='bbox 1310 3101 1672 3176; x_wconf 82' lang='lat' dir='ltr'>inveniuntur,</span> <span class='ocrx_word' id='word_1_300' title='bbox 1727 3101 1966 3175; x_wconf 87' lang='lat' dir='ltr'>suspicio</span> <span class='ocrx_word' id='word_1_301' title='bbox 2019 3110 2103 3158; x_wconf 87' lang='lat' dir='ltr'>est</span> <span class='ocrx_word' id='word_1_302' title='bbox 2157 3102 2242 3158; x_wconf 85' lang='lat' dir='ltr'>vel</span> <span class='ocrx_word' id='word_1_303' title='bbox 2297 3103 2474 3159; x_wconf 85' lang='lat' dir='ltr'>variae</span> 
     </span>
     <span class='ocr_line' id='line_1_29' title="bbox 194 3202 2474 3277; baseline 0 -20"><span class='ocrx_word' id='word_1_304' title='bbox 194 3202 447 3259; x_wconf 88' lang='lat' dir='ltr'>lectionis</span> <span class='ocrx_word' id='word_1_305' title='bbox 481 3203 565 3259; x_wconf 87' lang='lat' dir='ltr'>vel</span> <span class='ocrx_word' id='word_1_306' title='bbox 602 3202 977 3277; x_wconf 86' lang='lat' dir='ltr'>explicationis</span> <span class='ocrx_word' id='word_1_307' title='bbox 1023 3204 1079 3259; x_wconf 87' lang='lat' dir='ltr'>in</span> <span class='ocrx_word' id='word_1_308' title='bbox 1122 3211 1326 3259; x_wconf 82' lang='lat' dir='ltr'>textum</span> <span class='ocrx_word' id='word_1_309' title='bbox 1360 3209 1628 3276; x_wconf 84' lang='lat' dir='ltr'>receptae.</span> <span class='ocrx_word' id='word_1_310' title='bbox 1695 3203 1802 3259; x_wconf 87' lang='lat' dir='ltr'>Iam</span> <span class='ocrx_word' id='word_1_311' title='bbox 1837 3205 1998 3258; x_wconf 81' lang='lat' dir='ltr'>iussu</span> <span class='ocrx_word' id='word_1_312' title='bbox 2035 3203 2474 3259; x_wconf 87' lang='lat' dir='ltr'>munitissumum</span> 
     </span>
     <span class='ocr_line' id='line_1_30' title="bbox 196 3304 2480 3386; baseline 0 -27"><span class='ocrx_word' id='word_1_313' title='bbox 196 3313 295 3368; x_wconf 91' lang='lat' dir='ltr'>est,</span> <span class='ocrx_word' id='word_1_314' title='bbox 332 3312 570 3360; x_wconf 74' lang='lat' dir='ltr'>senatus</span> <span class='ocrx_word' id='word_1_315' title='bbox 611 3323 732 3386; x_wconf 84' lang='lat' dir='ltr'>cum</span> <span class='ocrx_word' id='word_1_316' title='bbox 774 3323 841 3364; x_wconf 90' lang='lat' dir='ltr'>eo</span> <span class='ocrx_word' id='word_1_317' title='bbox 882 3323 993 3362; x_wconf 87' lang='lat' dir='ltr'>nou</span> <span class='ocrx_word' id='word_1_318' title='bbox 1033 3305 1317 3368; x_wconf 89' lang='lat' dir='ltr'>convenit,</span> <span class='ocrx_word' id='word_1_319' title='bbox 1366 3321 1501 3378; x_wconf 85' lang='lat' dir='ltr'>ergo</span> <span class='ocrx_word' id='word_1_320' title='bbox 1545 3304 1857 3367; x_wconf 86' lang='lat' dir='ltr'>videndum,</span> <span class='ocrx_word' id='word_1_321' title='bbox 1903 3322 2034 3361; x_wconf 90' lang='lat' dir='ltr'>num</span> <span class='ocrx_word' id='word_1_322' title='bbox 2077 3308 2237 3362; x_wconf 81' lang='lat' dir='ltr'>iussu</span> <span class='ocrx_word' id='word_1_323' title='bbox 2270 3307 2480 3376; x_wconf 79' lang='lat' dir='ltr'>populi</span> 
     </span>
     <span class='ocr_line' id='line_1_31' title="bbox 196 3405 2475 3480; baseline 0.001 -20"><span class='ocrx_word' id='word_1_324' title='bbox 196 3405 381 3462; x_wconf 84' lang='lat' dir='ltr'>eiectis</span> <span class='ocrx_word' id='word_1_325' title='bbox 416 3413 653 3462; x_wconf 77' lang='lat' dir='ltr'>senatus</span> <span class='ocrx_word' id='word_1_326' title='bbox 692 3413 793 3462; x_wconf 78' lang='lat' dir='ltr'>aut</span> <span class='ocrx_word' id='word_1_327' title='bbox 835 3406 920 3463; x_wconf 90' lang='lat' dir='ltr'>vel</span> <span class='ocrx_word' id='word_1_328' title='bbox 972 3413 1145 3479; x_wconf 80' lang='lat' dir='ltr'>atque</span> <span class='ocrx_word' id='word_1_329' title='bbox 1200 3414 1348 3463; x_wconf 86' lang='lat' dir='ltr'>recte</span> <span class='ocrx_word' id='word_1_330' title='bbox 1400 3406 1630 3462; x_wconf 88' lang='lat' dir='ltr'>dicatur.</span> <span class='ocrx_word' id='word_1_331' title='bbox 1713 3407 1843 3463; x_wconf 86' lang='lat' dir='ltr'>Cum</span> <span class='ocrx_word' id='word_1_332' title='bbox 1889 3407 2060 3480; x_wconf 85' lang='lat' dir='ltr'>igitur</span> <span class='ocrx_word' id='word_1_333' title='bbox 2101 3416 2218 3464; x_wconf 93' lang='lat' dir='ltr'>tum</span> <span class='ocrx_word' id='word_1_334' title='bbox 2261 3408 2475 3464; x_wconf 87' lang='lat' dir='ltr'>demum</span> 
     </span>
     <span class='ocr_line' id='line_1_32' title="bbox 195 3505 2477 3583; baseline 0.002 -22"><span class='ocrx_word' id='word_1_335' title='bbox 195 3505 404 3564; x_wconf 85' lang='lat' dir='ltr'>firmum</span> <span class='ocrx_word' id='word_1_336' title='bbox 448 3507 641 3564; x_wconf 84' lang='lat' dir='ltr'>foedus</span> <span class='ocrx_word' id='word_1_337' title='bbox 690 3508 884 3570; x_wconf 79' lang='lat' dir='ltr'>fuerit,</span> <span class='ocrx_word' id='word_1_338' title='bbox 934 3509 981 3564; x_wconf 89' lang='lat' dir='ltr'>si</span> <span class='ocrx_word' id='word_1_339' title='bbox 1016 3509 1083 3564; x_wconf 87' lang='lat' dir='ltr'>ad</span> <span class='ocrx_word' id='word_1_340' title='bbox 1132 3517 1353 3566; x_wconf 90' lang='lat' dir='ltr'>senatus</span> <span class='ocrx_word' id='word_1_341' title='bbox 1394 3508 1776 3565; x_wconf 86' lang='lat' dir='ltr'>auctoritatem</span> <span class='ocrx_word' id='word_1_342' title='bbox 1820 3509 2026 3583; x_wconf 88' lang='lat' dir='ltr'>populi.</span> <span class='ocrx_word' id='word_1_343' title='bbox 2051 3510 2246 3566; x_wconf 78' lang='lat' dir='ltr'>scitum</span> <span class='ocrx_word' id='word_1_344' title='bbox 2293 3510 2477 3566; x_wconf 89' lang='lat' dir='ltr'>adces-</span> 
     </span>
     <span class='ocr_line' id='line_1_33' title="bbox 196 3610 2476 3686; baseline 0.002 -22"><span class='ocrx_word' id='word_1_345' title='bbox 196 3610 373 3671; x_wconf 87' lang='lat' dir='ltr'>sisset,</span> <span class='ocrx_word' id='word_1_346' title='bbox 412 3610 704 3666; x_wconf 88' lang='lat' dir='ltr'>advorsum</span> <span class='ocrx_word' id='word_1_347' title='bbox 728 3610 921 3686; x_wconf 89' lang='lat' dir='ltr'>populi</span> <span class='ocrx_word' id='word_1_348' title='bbox 964 3610 1299 3666; x_wconf 87' lang='lat' dir='ltr'>voluntatem</span> <span class='ocrx_word' id='word_1_349' title='bbox 1344 3628 1472 3667; x_wconf 88' lang='lat' dir='ltr'>vero</span> <span class='ocrx_word' id='word_1_350' title='bbox 1512 3621 1735 3668; x_wconf 87' lang='lat' dir='ltr'>senatus</span> <span class='ocrx_word' id='word_1_351' title='bbox 1777 3611 1916 3666; x_wconf 87' lang='lat' dir='ltr'>nihil</span> <span class='ocrx_word' id='word_1_352' title='bbox 1955 3611 2199 3674; x_wconf 86' lang='lat' dir='ltr'>valuerit,</span> <span class='ocrx_word' id='word_1_353' title='bbox 2245 3629 2476 3685; x_wconf 88' lang='lat' dir='ltr'>cumque</span> 
     </span>
     <span class='ocr_line' id='line_1_34' title="bbox 195 3710 2486 3788; baseline 0.002 -24"><span class='ocrx_word' id='word_1_354' title='bbox 195 3710 453 3784; x_wconf 85' lang='lat' dir='ltr'>Iugurtha</span> <span class='ocrx_word' id='word_1_355' title='bbox 503 3719 651 3768; x_wconf 87' lang='lat' dir='ltr'>certe</span> <span class='ocrx_word' id='word_1_356' title='bbox 695 3719 1017 3786; x_wconf 84' lang='lat' dir='ltr'>conpertum</span> <span class='ocrx_word' id='word_1_357' title='bbox 1070 3712 1323 3768; x_wconf 87' lang='lat' dir='ltr'>habuerit</span> <span class='ocrx_word' id='word_1_358' title='bbox 1360 3730 1520 3788; x_wconf 89' lang='lat' dir='ltr'>saepe</span> <span class='ocrx_word' id='word_1_359' title='bbox 1567 3713 1758 3770; x_wconf 81' lang='lat' dir='ltr'>foedus</span> <span class='ocrx_word' id='word_1_360' title='bbox 1803 3714 1870 3770; x_wconf 90' lang='lat' dir='ltr'>ab</span> <span class='ocrx_word' id='word_1_361' title='bbox 1915 3721 2107 3770; x_wconf 88' lang='lat' dir='ltr'>senatu</span> <span class='ocrx_word' id='word_1_362' title='bbox 2149 3714 2332 3769; x_wconf 88' lang='lat' dir='ltr'>datum</span> <span class='ocrx_word' id='word_1_363' title='bbox 2378 3731 2486 3788; x_wconf 49' lang='lat' dir='ltr'>po&lt;</span> 
     </span>
     <span class='ocr_line' id='line_1_35' title="bbox 196 3813 2476 3888; baseline 0.001 -21"><span class='ocrx_word' id='word_1_364' title='bbox 196 3813 304 3884; x_wconf 88' lang='lat' dir='ltr'>puli</span> <span class='ocrx_word' id='word_1_365' title='bbox 350 3813 505 3869; x_wconf 89' lang='lat' dir='ltr'>iussu</span> <span class='ocrx_word' id='word_1_366' title='bbox 548 3813 870 3871; x_wconf 80' lang='lat' dir='ltr'>subversum</span> <span class='ocrx_word' id='word_1_367' title='bbox 912 3831 1050 3877; x_wconf 90' lang='lat' dir='ltr'>esse,</span> <span class='ocrx_word' id='word_1_368' title='bbox 1096 3813 1554 3888; x_wconf 86' lang='lat' dir='ltr'>vituperandusne</span> <span class='ocrx_word' id='word_1_369' title='bbox 1596 3823 1682 3871; x_wconf 90' lang='lat' dir='ltr'>est</span> <span class='ocrx_word' id='word_1_370' title='bbox 1721 3813 2027 3877; x_wconf 88' lang='lat' dir='ltr'>Sallustius,</span> <span class='ocrx_word' id='word_1_371' title='bbox 2072 3815 2119 3870; x_wconf 91' lang='lat' dir='ltr'>si</span> <span class='ocrx_word' id='word_1_372' title='bbox 2155 3832 2340 3887; x_wconf 81' lang='lat' dir='ltr'>regem</span> <span class='ocrx_word' id='word_1_373' title='bbox 2368 3813 2476 3870; x_wconf 89' lang='lat' dir='ltr'>Nu-</span> 
     </span>
     <span class='ocr_line' id='line_1_36' title="bbox 197 3914 2476 3990; baseline 0.001 -22"><span class='ocrx_word' id='word_1_374' title='bbox 197 3914 403 3976; x_wconf 83' lang='lat' dir='ltr'>midiae,</span> <span class='ocrx_word' id='word_1_375' title='bbox 450 3931 573 3971; x_wconf 89' lang='lat' dir='ltr'>cum</span> <span class='ocrx_word' id='word_1_376' title='bbox 618 3916 685 3973; x_wconf 88' lang='lat' dir='ltr'>de</span> <span class='ocrx_word' id='word_1_377' title='bbox 732 3915 951 3972; x_wconf 77' lang='lat' dir='ltr'>foedere</span> <span class='ocrx_word' id='word_1_378' title='bbox 986 3933 1100 3975; x_wconf 82' lang='lat' dir='ltr'>non</span> <span class='ocrx_word' id='word_1_379' title='bbox 1128 3915 1333 3972; x_wconf 78' lang='lat' dir='ltr'>frustra</span> <span class='ocrx_word' id='word_1_380' title='bbox 1368 3917 1656 3990; x_wconf 84' lang='lat' dir='ltr'>pangendo</span> <span class='ocrx_word' id='word_1_381' title='bbox 1689 3925 1963 3990; x_wconf 84' lang='lat' dir='ltr'>ageretur.</span> <span class='ocrx_word' id='word_1_382' title='bbox 2008 3915 2184 3972; x_wconf 90' lang='lat' dir='ltr'>solum</span> <span class='ocrx_word' id='word_1_383' title='bbox 2214 3916 2320 3971; x_wconf 88' lang='lat' dir='ltr'>hoc</span> <span class='ocrx_word' id='word_1_384' title='bbox 2347 3932 2476 3971; x_wconf 86' lang='lat' dir='ltr'>con·</span> 
     </span>
     <span class='ocr_line' id='line_1_37' title="bbox 197 4009 2478 4092; baseline 0.001 -22"><span class='ocrx_word' id='word_1_385' title='bbox 197 4023 581 4072; x_wconf 86' lang='lat' dir='ltr'>memorantem</span> <span class='ocrx_word' id='word_1_386' title='bbox 638 4011 859 4074; x_wconf 77' lang='lat' dir='ltr'>fecerit:</span> <span class='ocrx_word' id='word_1_387' title='bbox 917 4017 964 4072; x_wconf 91' lang='lat' dir='ltr'>si</span> <span class='ocrx_word' id='word_1_388' title='bbox 1020 4009 1183 4074; x_wconf 79' lang='lat' dir='ltr'>talefn</span> <span class='ocrx_word' id='word_1_389' title='bbox 1236 4018 1409 4073; x_wconf 85' lang='lat' dir='ltr'>virum</span> <span class='ocrx_word' id='word_1_390' title='bbox 1464 4017 1519 4074; x_wconf 90' lang='lat' dir='ltr'>in</span> <span class='ocrx_word' id='word_1_391' title='bbox 1571 4025 1846 4092; x_wconf 85' lang='lat' dir='ltr'>potestate</span> <span class='ocrx_word' id='word_1_392' title='bbox 1885 4016 2192 4078; x_wconf 87' lang='lat' dir='ltr'>habuisset,</span> <span class='ocrx_word' id='word_1_393' title='bbox 2251 4015 2370 4072; x_wconf 78' lang='lat' dir='ltr'>fore</span> <span class='ocrx_word' id='word_1_394' title='bbox 2416 4023 2478 4072; x_wconf 91' lang='lat' dir='ltr'>ut</span> 
     </span>
     <span class='ocr_line' id='line_1_38' title="bbox 199 4115 1062 4190; baseline 0.003 -18"><span class='ocrx_word' id='word_1_395' title='bbox 199 4115 383 4190; x_wconf 86' lang='lat' dir='ltr'>populi</span> <span class='ocrx_word' id='word_1_396' title='bbox 427 4116 580 4173; x_wconf 89' lang='lat' dir='ltr'>iussu</span> <span class='ocrx_word' id='word_1_397' title='bbox 622 4119 815 4175; x_wconf 84' lang='lat' dir='ltr'>foedus</span> <span class='ocrx_word' id='word_1_398' title='bbox 871 4116 1062 4175; x_wconf 83' lang='lat' dir='ltr'>fieret?</span> 
     </span>
    </p>

    <p class='ocr_par' dir='ltr' id='par_1_5' title="bbox 199 4217 2480 4396">
     <span class='ocr_line' id='line_1_39' title="bbox 357 4217 2480 4300; baseline 0.001 -27"><span class='ocrx_word' id='word_1_399' title='bbox 357 4217 470 4292; x_wconf 85' lang='lat' dir='ltr'>lug.</span> <span class='ocrx_word' id='word_1_400' title='bbox 517 4228 645 4283; x_wconf 86' lang='lat'>113,</span> <span class='ocrx_word' id='word_1_401' title='bbox 692 4227 727 4278; x_wconf 80' lang='lat'>2</span> <span class='ocrx_word' id='word_1_402' title='bbox 791 4220 1057 4300; x_wconf 75' lang='lat' dir='ltr'>Linkerus</span> <span class='ocrx_word' id='word_1_403' title='bbox 1108 4221 1269 4278; x_wconf 87' lang='lat' dir='ltr'>tacite</span> <span class='ocrx_word' id='word_1_404' title='bbox 1324 4220 1377 4276; x_wconf 91' lang='lat' dir='ltr'>in</span> <span class='ocrx_word' id='word_1_405' title='bbox 1436 4219 1610 4276; x_wconf 86' lang='lat' dir='ltr'>verbis</span> <span class='ocrx_word' id='word_1_406' title='bbox 1666 4222 1751 4275; x_wconf 83' lang='lat' dir='ltr'>illi</span> <span class='ocrx_word' id='word_1_407' title='bbox 1796 4221 2030 4291; x_wconf 77' lang='lat' dir='ltr'>pariter</span> <span class='ocrx_word' id='word_1_408' title='bbox 2071 4221 2209 4275; x_wconf 79' lang='lat' dir='ltr'>laeti</span> <span class='ocrx_word' id='word_1_409' title='bbox 2245 4235 2315 4274; x_wconf 87' lang='lat' dir='ltr'>ac</span> <span class='ocrx_word' id='word_1_410' title='bbox 2354 4221 2480 4290; x_wconf 78' lang='lat' dir='ltr'>spei</span> 
     </span>
     <span class='ocr_line' id='line_1_40' title="bbox 199 4316 2476 4396; baseline 0.002 -23"><span class='ocrx_word' id='word_1_411' title='bbox 199 4316 372 4382; x_wconf 80' lang='lat' dir='ltr'>bonae</span> <span class='ocrx_word' id='word_1_412' title='bbox 418 4322 583 4391; x_wconf 78' lang='lat' dir='ltr'>pleni</span> <span class='ocrx_word' id='word_1_413' title='bbox 634 4321 1134 4396; x_wconf 73' lang='lat' dir='ltr'>esseparticulam</span> <span class='ocrx_word' id='word_1_414' title='bbox 1188 4339 1258 4378; x_wconf 82' lang='lat' dir='ltr'>ac</span> <span class='ocrx_word' id='word_1_415' title='bbox 1308 4321 1521 4379; x_wconf 86' lang='lat' dir='ltr'>delevit.</span> <span class='ocrx_word' id='word_1_416' title='bbox 1623 4322 1692 4377; x_wconf 89' lang='lat' dir='ltr'>At</span> <span class='ocrx_word' id='word_1_417' title='bbox 1749 4338 1936 4380; x_wconf 87' lang='lat' dir='ltr'>omnes</span> <span class='ocrx_word' id='word_1_418' title='bbox 1991 4322 2118 4380; x_wconf 73' lang='lat' dir='ltr'>libm&#39;</span> <span class='ocrx_word' id='word_1_419' title='bbox 2175 4321 2303 4378; x_wconf 87' lang='lat' dir='ltr'>honi</span> <span class='ocrx_word' id='word_1_420' title='bbox 2361 4338 2476 4378; x_wconf 86' lang='lat' dir='ltr'>eam</span> 
     </span>
    </p>
   </div>
   <div class='ocr_carea' id='block_1_5' title="bbox 332 4423 2058 4490">
    <p class='ocr_par' dir='ltr' id='par_1_6' title="bbox 332 4423 2058 4490">
     <span class='ocr_line' id='line_1_41' title="bbox 332 4423 2058 4490; baseline 0.005 -5"><span class='ocrx_word' id='word_1_421' title='bbox 332 4432 607 4488; x_wconf 61' lang='lat' dir='ltr'>Sannusr.</span> <span class='ocrx_word' id='word_1_422' title='bbox 648 4453 737 4487; x_wconf 74' lang='lat' dir='ltr'>nn.</span> <span class='ocrx_word' id='word_1_423' title='bbox 775 4439 1051 4490; x_wconf 70' lang='lat' dir='ltr'>Dmrrscn.</span> <span class='ocrx_word' id='word_1_424' title='bbox 2021 4423 2058 4482; x_wconf 89' lang='lat'><strong>7</strong></span> 
     </span>
    </p>
   </div>
  </div>
 </body>
</html>
