3042 4917
921 337 1528 381 CONMENTATIONUM
1571 337 1712 378 cAP.
1743 336 1843 377 111.
2439 319 2523 380 37

236 498 381 554 Haec
424 495 491 553 ab
537 494 816 557 Sallustio,
858 510 969 550 non
1014 492 1229 550 aliunde
1272 491 1447 568 petita
1487 509 1608 548 esse
1651 508 1810 549 nemo
1853 491 2164 547 contendet.
2249 490 2393 559 Quae
2439 510 2523 549 se-

236 606 487 673 quuntur
528 596 691 653 verba
734 584 927 651 ἕδόκει
970 587 1033 651 δὲ
1082 588 1183 649 καὶ
1223 579 1291 650 τὸ
1334 586 1648 669 δαιμόνιον
1677 588 2106 669 προσημαίνειν
2133 594 2392 667 σεισμοῖς
2421 586 2524 647 καὶ

234 701 557 777 κεραυνοῖς
598 692 697 754 καὶ
738 687 1077 771 φάσμασιν,
1132 697 1366 753 fortasse
1406 696 1604 771 aliquis
1655 696 1998 753 contenderit
2039 712 2105 751 ex
2147 695 2256 751 illis
2300 694 2524 751 Sallusti

235 797 323 867 30,
366 809 401 861 2
444 802 641 869 simul,
688 802 749 857 id
788 800 942 873 quod
982 802 1042 855 in
1084 802 1189 855 tali
1225 814 1291 855 re
1333 800 1502 867 solet,
1557 799 1660 854 alii
1701 803 1976 871 portenta
2035 806 2207 871 atque
2244 795 2522 871 prodiyia

234 904 583 961 nuntiabant
610 898 803 958 hausta
844 919 979 965 esse,
1025 909 1110 957 set
1151 900 1299 958 nulla
1336 918 1528 958 caussa
1563 918 1662 957 cur
1698 900 1912 957 aliunde
1943 908 2158 975 sumpta
2195 917 2314 957 esse
2358 917 2523 973 nege-

236 1025 376 1069 mus,
424 1022 601 1079 eoque
643 1004 840 1068 minus,
883 1004 1029 1079 quod
1070 1003 1235 1077 longe
1280 1002 1383 1058 alia
1444 1020 1606 1076 quam
1651 1003 1792 1077 apud
1837 1001 2152 1059 Sallustium
2198 1009 2518 1076 sequuntur.

236 1107 462 1165 Relicua
492 1105 653 1169 enim,
686 1124 826 1179 quae
854 1124 921 1163 eo
956 1106 1133 1181 capite
1164 1111 1471 1181 narrantur,
1502 1122 1568 1161 ex
1603 1104 1707 1161 Cic.
1735 1122 1815 1161 or.
1839 1122 1923 1179 pr.
1957 1105 2176 1161 Murena
2206 1121 2252 1161 c.
2279 1109 2348 1163 25
2375 1110 2430 1159 et
2453 1109 2522 1164 26

232 1217 455 1285 sumpta
498 1226 648 1272 esse,
706 1206 861 1265 facile
915 1208 1010 1281 qui
1054 1200 1343 1281 utriusque
1401 1206 1690 1281 scriptoris
1737 1206 1897 1261 verba
1953 1205 2096 1263 inter
2152 1224 2210 1263 se
2257 1222 2520 1281 conpara-

232 1312 377 1369 verit
418 1312 523 1370 sibi
554 1309 917 1385 persuadebit,
962 1325 1062 1365 nec
1104 1325 1426 1385 quemquam
1467 1308 1633 1365 credo
1683 1308 1817 1371 fore,
1858 1308 1950 1383 qui
1993 1308 2046 1365 id
2090 1314 2386 1383 propterea
2426 1326 2519 1365 ne-

233 1420 347 1487 get,
400 1413 545 1487 quod
588 1414 647 1468 in
691 1418 895 1469 senatu
944 1411 1246 1468 Catilinam
1290 1412 1546 1467 excitavi
1581 1410 1905 1467 Plutarchus
1947 1396 1980 1465 ὅ
2013 1403 2285 1485 Κικέρων
2323 1400 2518 1467 ἐκάλει

230 1502 339 1571 τόν
377 1510 702 1569 Κατιλίναν
748 1509 831 1582 εἰς
868 1499 978 1586 τὴν
1024 1501 1355 1587 σύγκλητον
1397 1512 1790 1585 interpretatus
1836 1520 1937 1569 est.
2020 1496 2158 1579 Q'uid
2203 1514 2348 1587 quod
2393 1513 2518 1569 inde

193 1634 205 1650 ¹
228 1614 593 1693 perspicitur,
640 1632 748 1689 quo
794 1616 955 1671 modo
999 1616 1201 1671 factum
1246 1616 1343 1679 sit,
1388 1622 1449 1670 ut
1493 1612 1628 1670 illud
1677 1621 1897 1670 senatus
1941 1613 2251 1671 consultum
2308 1616 2520 1671 darent

230 1735 473 1791 operam
508 1718 771 1773 consules
802 1724 905 1772 cet.
935 1724 1128 1791 postea
1158 1717 1372 1773 demum
1403 1735 1449 1773 e.
1477 1725 1543 1775 15
1571 1724 1706 1772 extr.
1739 1717 2256 1786 conmemoraverit„
2306 1715 2517 1792 Quippe

228 1838 356 1878 cum
399 1820 587 1876 Cicero
630 1820 949 1893 conyemuit
982 1824 1220 1876 senatus
1244 1818 1530 1891 frequens
1561 1833 1745 1891 neque
1773 1824 1964 1875 tamen
1995 1821 2136 1875 satis
2174 1834 2370 1877 severe
2403 1837 2516 1891 pro

228 1925 324 1979 rei
363 1922 701 1995 indiynitate
746 1921 997 1977 decrevit
1033 1919 1275 1984 dixisset,
1321 1920 1557 1977 animum
1601 1920 1856 1977 inducere
1901 1938 2010 1976 non
2051 1920 2250 1994 potuit,
2301 1928 2361 1977 ut
2409 1920 2515 1979 iam

230 2018 349 2080 tur‘n
398 2039 696 2088 maxumam
755 2039 873 2077 eam
926 2029 1258 2097 potestatem
1310 2021 1390 2078 illi
1440 2022 1758 2096 permissam
1803 2039 1922 2079 esse
1968 2023 2232 2078 crederet.
2320 2021 2376 2077 ln
2428 2022 2514 2079 his

230 2142 368 2198 ergo
414 2124 550 2179 nihil
592 2130 675 2179 est
730 2142 829 2179 cur
871 2122 1219 2179 Plutarchum
1266 2122 1487 2179 Sallusti
1535 2122 1677 2178 libro
1737 2124 1791 2179 in
1848 2122 2160 2180 enarrandis
2213 2121 2298 2177 his
2349 2122 2512 2179 rebus

231 2243 391 2282 usum
435 2243 555 2281 esse
600 2216 912 2280 contendas.
1003 2224 1485 2299 Transgrediemur
1526 2225 1594 2283 ad
1638 2243 1684 2281 c.
1710 2231 1814 2285 ⁵15.
1905 2224 2050 2293 Quae
2088 2224 2154 2279 de
2196 2224 2398 2281 litteris
2445 2225 2512 2281 ab

229 2327 297 2381 M.
344 2326 555 2389 Crass0‚
596 2324 716 2382 aliis
761 2326 1037 2383 nobilibus
1083 2326 1211 2381 viris
1256 2326 1322 2382 ad
1361 2325 1674 2383 Ciceronem
1714 2326 1940 2403 perlatis
1985 2321 2291 2389 narrantur,
2333 2325 2402 2383 de
2433 2327 2512 2385 eis

232 2427 521 2485 Sallustius
578 2426 740 2491 nihii,
805 2446 982 2502 neque
1029 2415 1388 2503 inprobamus
1433 2428 1646 2485 videtur
1688 2429 1978 2485 Drumanni
2015 2408 2094 2501 ‘(v
2127 2447 2180 2503 p,
2220 2426 2345 2499 458)
2390 2445 2511 2485 sen-

230 2531 429 2593 tentia,
480 2547 542 2586 ea
582 2547 644 2585 ex
688 2528 963 2586 Ciceronis
1010 2530 1236 2603 quadam
1283 2530 1560 2593 oratione,
1619 2531 1778 2587 nobis
1835 2549 1945 2587 non
2001 2538 2240 2594 servata,
2297 2538 2512 2604 sumpta

229 2650 369 2687 esse.
451 2632 509 2687 In
550 2630 645 2694 eiS,
686 2649 823 2704 quae
868 2631 1049 2687 statim
1084 2629 1494 2703 subsequuntur
1532 2625 1632 2687 καὶ
1673 2621 1948 2701 Μάλλιος
1977 2618 2368 2707 ἀπηγγέλλετο
2399 2618 2512 2687 σὺν

225 2726 381 2808 χειρὶ
420 2722 643 2809 μεγάλῃ
688 2724 821 2806 περὶ
844 2717 947 2799 τας
987 2722 1187 2799 πόλεις
1237 2723 1462 2798 ἐκείνας
1506 2724 1906 2809 αἰωρούμενος
1942 2720 2042 2789 άεί
2077 2752 2132 2789 τι
2171 2727 2512 2810 προσδοκᾶν

226 2820 443 2889 καινὸν
472 2816 589 2889 ἆπὸ
623 2828 728 2905 τῆς
756 2819 993 2906 Ῥώμης,
1041 2834 1085 2889 si
1120 2833 1241 2907 quis
1276 2850 1340 2889 ex
1385 2832 1511 2889 Sall.
1547 2841 1688 2907 post
1723 2852 1946 2908 paucos
1988 2837 2108 2893 dies
2152 2836 2216 2891 L.
2267 2835 2513 2893 Saenius

222 2945 331 2993 cet.
380 2942 593 3010 sumpta
636 2934 906 3009 opinetur,
944 2934 1140 2991 mirum
1166 2933 1419 3010 profecto
1462 2936 1726 2999 videatur,
1772 2955 1870 2993 cur
1910 2937 2232 2995 Plutarchus
2277 2956 2399 2995 cum
2448 2936 2507 3005 Q.

218 3038 447 3095 Arrium
491 3053 553 3093 ex
609 3034 715 3092 alio
767 3038 1036 3111 scriptore
1086 3038 1600 3095 conmemorandum
1643 3045 1918 3113 putasset,
1981 3056 2140 3112 quem
2193 3038 2509 3095 Sallustium

222 3138 597 3196 nominaverat
651 3136 869 3194 silentio
927 3139 1227 3212 praeterire
1276 3138 1528 3195 voluerit.
1629 3140 1723 3195 Set
1776 3157 1865 3197 res
1914 3157 1979 3197 eo
2020 3139 2306 3197 conficitur
2363 3140 2508 3214 quod

225 3241 415 3297 statim
457 3248 584 3315 post
630 3239 731 3295 hos
771 3239 993 3295 nuntios
1037 3238 1248 3296 adlatos
1287 3240 1612 3296 Plutarchus
1658 3237 1880 3316 γίνεται
1929 3231 2116 3316 δόγμα
2147 3236 2251 3315 τῆς
2284 3238 2509 3315 βουλῆς

223 3339 827 3419 παρακατατίθεσθαι
857 3342 977 3409 τοῖς
1006 3330 1255 3411 ὑπάτοις
1288 3327 1361 3397 τα
1394 3330 1712 3417 πράγματα
1746 3343 1948 3418 pergit,
1982 3342 2271 3399 Sallustius
2319 3344 2372 3399 id
2417 3361 2508 3401 an·

226 3452 314 3500 tea
370 3443 625 3499 narravit.
710 3440 823 3509 Qua
861 3460 920 3497 re
964 3440 1216 3499 lubenter
1258 3443 1576 3506 concedam,
1637 3446 1684 3501 si
1739 3445 1861 3520 quis
1901 3464 2036 3520 quae
2087 3445 2282 3502 adiecit
2337 3444 2508 3501 τοῦτο

225 3532 283 3601 δ’
334 3529 405 3601 οὗ
436 3534 741 3613 πολλάκις,
777 3529 907 3598 ἀλλ’
943 3532 1085 3621 ὅταν
1117 3562 1173 3599 τι
1202 3538 1349 3618 μέγα
1382 3533 1565 3625 δείσῃ,
1611 3548 1806 3601 ποιεῖν
1851 3540 2072 3602 εἴωθεν
2109 3534 2146 3620 ἡ
2184 3534 2510 3623 σύγκλητος

132 3664 137 3669 ·
222 3666 332 3704 non
380 3665 480 3705 suo
527 3655 698 3703 marte
738 3646 1037 3709 addidisse,
1092 3653 1175 3701 set
1222 3646 1442 3703 Sallusti
1490 3647 1582 3705 illa
1627 3666 1698 3706 ea
1733 3656 1989 3721 potestas
2035 3682 2111 3690 —-
2158 3652 2382 3706 consuli
2420 3651 2510 3705 ius
2597 3672 2601 3677 ·

223 3756 306 3806 est
365 3748 420 3803 in
464 3748 681 3806 brevius
723 3747 1057 3805 contraxisse
1096 3749 1456 3805 contenderit.
1539 3750 1692 3818 Quod
1727 3751 1772 3807 si
1817 3751 2138 3808 Plutarchus
2182 3759 2310 3825 post
2353 3768 2508 3825 prae-

223 3851 358 3906 sidia
405 3850 472 3905 ad
528 3850 804 3906 tutandam
861 3849 1050 3905 urbem
1105 3856 1267 3924 atque
1311 3851 1514 3909 ltaliam
1556 3861 1745 3927 parata
1797 3852 2018 3910 insidias
2065 3853 2308 3909 Ciceroni
2354 3870 2509 3909 mane

224 3970 269 4008 a.
316 3954 366 4008 d.
414 3951 502 4007 Vll
543 3951 617 4006 Id.
661 3952 789 4008 Nov.
825 3952 1059 4007 intentas
1096 3954 1537 4017 conmemoravit,
1583 3972 1716 4028 ergo
1754 3972 1876 4010 eum
1911 3956 2154 4011 ordinem
2199 3970 2378 4009 rerum
2412 3953 2507 4009 ob-

225 4051 484 4114 servavit,
534 4070 693 4127 quem
734 4052 1001 4108 Linkerus
1045 4060 1101 4109 et
1147 4054 1358 4109 Ottema
1399 4056 1540 4129 apud
1588 4054 1903 4111 Sallustium
1946 4054 2341 4110 restituendum
2383 4072 2508 4110 cen-

226 4173 399 4219 suere,
449 4163 626 4211 tamen
666 4173 787 4211 cum
833 4173 921 4211 res
966 4154 1041 4210 ita
1085 4163 1267 4229 gestas
1314 4174 1435 4213 esse
1485 4175 1551 4213 ex
1594 4156 1868 4213 Ciceronis
1922 4155 2260 4213 orationibus
2304 4174 2508 4229 cogno-

226 4276 375 4313 scere
412 4256 685 4332 potuerit,
738 4275 860 4313 cum
896 4256 952 4312 in
1016 4258 1327 4314 nominibus
1382 4258 1447 4314 ab
1505 4257 1601 4314 illo
1656 4256 1943 4315 dissentiat
1993 4290 2066 4299 ·-
2115 4276 2239 4313 nam
2287 4259 2507 4319 Linkeri
2555 4332 2568 4345 ·

226 4359 536 4415 coniectura
570 4357 642 4433 (p.
684 4366 745 4418 10
772 4376 827 4415 n.
866 4357 917 4431 1)
956 4347 1245 4435 Μάρκιον
1291 4353 1391 4414 καὶ
1427 4354 1711 4435 Κέθηγον
1741 4378 1806 4416 ex
1855 4348 2344 4438 Οὗαργουντήϊον
2381 4381 2510 4419 con-
