3042 4917
540 254 625 321 60
1235 283 1843 335 connum-Amouuu
1875 286 2016 351 eat».
2047 288 2135 333 nr.

542 420 801 499 omissum
840 442 960 499 est?
1044 440 1139 499 Set
1180 442 1370 500 eodem
1416 442 1576 502 modo
1613 449 1700 506 27,
1740 449 1774 503 2
1816 444 2144 514 consulibus
2178 478 2260 487 --
2289 464 2352 505 ea
2393 446 2538 505 enim
2567 450 2827 507 vetustis-

540 560 817 600 sumorum
863 549 1027 618 atque
1072 553 1423 619 optumorum
1468 545 1736 603 librorum
1780 545 2052 621 scriptura
2093 556 2178 605 est
2222 578 2296 590 —-
2341 567 2442 623 pro
2487 550 2824 625 glossemate

540 644 857 710 habendum,
904 664 1081 719 eoque
1124 648 1313 722 magis,
1350 649 1496 722 quod
1541 666 1606 705 eo
1652 648 1836 705 addito
1881 648 2238 724 aequabilitas
2271 650 2638 711 membrorum
2683 656 2822 713 insi-

537 748 666 803 dias
700 750 952 816 tendere,
994 764 1217 821 parare
1255 752 1519 807 incendia
1565 750 1830 808 turbatur.
2358 742 2373 754 ⁶

707 849 819 907 Cat.
858 858 943 913 30,
986 858 1048 911 3:
1095 853 1151 907 ei
1193 854 1422 923 utrique
1466 856 1546 911 ad
1587 855 1784 911 urbem
1823 854 2188 924 inperatores
2230 860 2418 923 erant,
2461 856 2703 927 inpediti
2750 874 2825 913 ne

536 953 965 1025 triumpharent
1011 956 1301 1011 calumnia
1347 972 1704 1027 paucorum,
1765 956 1968 1026 quibus
2007 956 2197 1011 omnia
2235 955 2473 1012 honesta
2518 964 2691 1029 atque
2734 961 2824 1016 in-

538 1054 776 1113 honesta
802 1058 1047 1111 vendere
1084 1074 1205 1113 mos
1236 1064 1382 1125 erat,
1406 1056 1673 1113 Linkerus
1701 1063 1997 1115 extremum
2035 1056 2334 1114 membrum
2357 1057 2640 1115 relativum
2666 1060 2824 1117 uncis

536 1156 905 1214 circumdedit.
977 1157 1139 1215 Cuius
1176 1158 1501 1233 suspicionis
1545 1176 1681 1232 quae
1723 1176 1945 1215 caussae
1990 1160 2154 1215 sunt?
2216 1158 2352 1217 Num
2383 1160 2440 1215 in
2471 1160 2626 1217 libris
2657 1180 2825 1220 manu

538 1258 757 1333 scriptis
812 1267 927 1322 est,
980 1277 1089 1333 quo
1133 1260 1291 1317 verba
1334 1260 1427 1317 illa
1470 1268 1724 1335 suspecta
1753 1260 1918 1318 fiant?
1999 1258 2142 1315 Nihil
2185 1261 2456 1334 profecte.
2548 1265 2631 1318 An
2673 1265 2826 1337 quod

536 1360 871 1434 grammatici
916 1360 1139 1435 Sergius
1193 1371 1247 1419 et
1292 1363 1540 1424 Servius,
1593 1376 1715 1417 cum
1761 1362 1830 1417 ob
1875 1361 2006 1418 alias
2047 1380 2266 1419 caussas
2320 1362 2464 1419 hunc
2505 1362 2685 1421 locum
2731 1367 2826 1422 ad-

534 1464 759 1527 ferrent,
804 1481 869 1521 ea
912 1464 1161 1528 omisere.
1198 1465 1453 1521 idoneum
1484 1472 1882 1538 argumentum.
1904 1466 2024 1520 est?
2093 1464 2344 1523 Minume.
2431 1467 2512 1521 An
2558 1466 2824 1524 Sallustio

536 1567 816 1639 indignum
870 1566 1071 1623 eisdem
1128 1567 1433 1647 verbis·bis
1492 1567 1610 1623 uti?
1707 1566 1836 1623 Nam
1881 1566 1994 1639 lug.
2035 1572 2128 1629 80,
2173 1576 2203 1625 5
2251 1583 2424 1638 quam
2468 1582 2588 1623 rem
2640 1567 2824 1641 inquit

537 1670 1059 1740 oportunissumam
1090 1671 1315 1740 incepto
1346 1670 1487 1727 bello
1510 1671 1696 1740 pauci
1722 1669 2138 1740 inpediverant,
2175 1670 2337 1725 caeci
2373 1670 2641 1737 avaritia,
2691 1672 2824 1741 quis

536 1773 725 1829 omnia
769 1772 1007 1827 honesta
1050 1778 1221 1843 acque
1265 1772 1568 1827 inhonesta
1611 1772 1856 1827 vendere
1887 1786 2006 1826 mos
2035 1776 2166 1827 erat
2209 1778 2264 1826 et
2307 1769 2558 1829 similiter
2587 1771 2704 1845 lug.
2734 1779 2821 1834 31.

538 1880 605 1933 12
648 1876 777 1947 quis
816 1875 962 1948 fides
1002 1876 1179 1930 decus
1211 1876 1423 1945 pietaS,
1460 1880 1755 1945 postremo
1799 1873 2038 1929 honesta
2083 1879 2255 1943 atque
2295 1871 2596 1928 inhonesta
2629 1877 2822 1932 omnia

535 1978 802 2049 quaestui
846 1982 995 2033 sunt.
1084 1976 1269 2051 Neque
1326 1976 1392 2032 ab
1439 1974 1662 2032 Sallusti
1713 1974 2108 2033 consuetudine
2165 1974 2218 2029 id
2263 1972 2521 2030 abhorret
2563 1983 2620 2031 et
2671 1975 2820 2032 laudi

536 2080 722 2154 potius
768 2079 1087 2141 ducendum,
1134 2078 1181 2133 si
1231 2078 1369 2133 idem
1412 2078 1687 2152 perditum
1717 2094 1891 2149 genus
1929 2076 2208 2133 hominum
2247 2074 2448 2132 eisdem
2493 2076 2670 2133 verbis
2701 2096 2822 2134 sae-

534 2180 658 2255 pius
702 2180 923 2236 notavit.
1012 2181 1093 2235 An
1138 2179 1335 2235 veritas
1370 2179 1570 2243 obstat,
1615 2197 1725 2253 quo
1750 2178 1928 2235 minus
1972 2196 2035 2235 ea
2077 2178 2144 2235 ab
2179 2177 2438 2235 Sallustio
2470 2177 2612 2241 dicta
2657 2187 2818 2253 pute-

534 2284 689 2339 mus?
771 2282 841 2337 At
888 2300 1098 2343 nonne,
1145 2281 1239 2354 qui
1274 2281 1371 2336 Gn.
1412 2280 1672 2355 Pompeio
1716 2280 1945 2354 aliisque
1986 2280 2342 2337 inservientes
2379 2276 2501 2350 (vid.
2547 2278 2729 2337 Drum.
2775 2281 2820 2337 11

534 2403 587 2458 p.
633 2390 717 2445 54.
759 2384 1000 2440 Momms.
1038 2382 1098 2438 R.
1144 2382 1207 2438 Η.
1252 2380 1318 2437 ΙΙΙ
1360 2401 1412 2456 p.
1463 2381 1594 2455 154)
1655 2382 1960 2456 triumphos
2013 2381 2229 2437 illorum
2278 2381 2518 2437 virorum
2560 2382 2819 2455 prohibe-

534 2486 681 2549 bant,
727 2485 905 2559 pretio
951 2484 1137 2558 potius
1180 2500 1341 2558 quam
1390 2500 1518 2540 vero
1553 2484 1733 2542 studio
1777 2484 1856 2541 rei
1897 2482 2144 2558 publicae
2171 2482 2440 2556 agebant?
2517 2483 2632 2540 Nisi
2671 2485 2818 2541 sorte

526 2586 776 2662 'opinaris
809 2585 1121 2642 Sallustium
1166 2594 1271 2641 tam
1302 2602 1516 2643 caecum
1547 2585 1732 2648 fuisse,
1772 2593 1836 2642 ut
1873 2584 1967 2659 qui
1996 2584 2209 2643 nobiles
2245 2584 2492 2643 homines
2518 2585 2818 2660 inpugnas-

534 2696 656 2745 sent
703 2688 1009 2761 vituperare
1052 2685 1242 2751 nollet,
1288 2696 1381 2744 aut
1425 2688 1499 2743 ita
1544 2687 1641 2744 Gn.
1675 2687 1932 2762 Pompeio
1973 2686 2217 2749 amicum,
2257 2694 2320 2741 ut
2363 2686 2482 2743 eius
2533 2687 2816 2745 ministros

536 2798 723 2863 turpes
748 2790 1146 2863 reprehendere
1171 2808 1281 2846 non
1296 2790 1539 2846 auderet.
1579 2788 1685 2845 Has
1711 2788 1781 2845 ob
1803 2806 2019 2845 caussas
2041 2805 2210 2844 uncos
2234 2789 2590 2847 removendos
2607 2792 2815 2847 censui.

705 2890 886 2947 Eiusd.
932 2908 1047 2965 cap.
1094 2898 1127 2953 6
1170 2894 1495 2961 decrevere,
1534 2891 1681 2964 quod
1723 2891 1776 2946 in
1810 2889 1997 2947 multis
2037 2888 2194 2945 libris
2225 2889 2370 2945 inter
2393 2893 2724 2961 praemium
2761 2900 2817 2947 et

532 3010 697 3053 servo
740 2993 1125 3068 interpositum
1173 3000 1275 3059 est,
1321 2993 1593 3067 glossema
1633 3009 1782 3055 esse,
1829 2991 2044 3048 codices
2089 2991 2462 3049 vetustissumi
2501 3000 2556 3047 et
2602 2994 2818 3066 optumi

534 3103 822 3153 testantur.
904 3095 1105 3151 Similis
1146 3099 1231 3151 est
1275 3094 1427 3151 locus
1457 3103 1544 3156 35.
1579 3100 1612 3155 6
1649 3111 1803 3149 nunc
1841 3094 2162 3151 Orestillam
2201 3096 2369 3151 trado
2400 3100 2645 3165 tuaeque
2677 3096 2823 3165 fidei

529 3198 867 3266 conmendo,
926 3198 1015 3254 ubi
1073 3198 1219 3272 quod
1264 3196 1325 3257 {B
1366 3214 1491 3253 cum
1541 3196 1717 3252 tribus
1760 3194 2056 3251 novissumi
2091 3194 2309 3269 generis
2353 3195 2632 3252 codicibus
2667 3196 2818 3253 exhi-

530 3299 623 3356 bet
662 3301 763 3357 tibi
799 3302 1111 3357 conmendo
1146 3318 1213 3357 ex
1241 3298 1570 3371 glossemate
1619 3304 1798 3353 ortum
1843 3314 2087 3353 summus
2137 3296 2466 3353 relicuorum
2510 3314 2813 3355 consensus

531 3402 744 3459 evincit.
819 3401 951 3457 vide
992 3400 1119 3457 infr.
1162 3401 1229 3457 de
1276 3407 1358 3463 46,
1406 3410 1455 3459 5.
1885 3372 1912 3403 ⁸

700 3502 1033 3575 Quamquam
1064 3508 1243 3557 autem
1285 3518 1501 3563 vereor,
1539 3517 1608 3557 ne
1641 3499 1736 3575 qui
1773 3499 1893 3555 aliis
1930 3498 2066 3555 locis
2113 3499 2504 3573 glossematum
2545 3498 2814 3575 suspicio-

532 3621 627 3659 nes
664 3602 961 3665 reiecerim‚
1006 3603 1121 3677 ipse
1164 3603 1323 3660 nimis
1354 3603 1606 3677 suspicax
1649 3610 1704 3657 et
1747 3608 1937 3658 acutus
1977 3602 2206 3663 audiam,
2253 3609 2432 3681 tamen
2475 3620 2586 3659 non
2619 3604 2811 3659 tacebo

528 3705 641 3761 Cat.
686 3712 787 3768 31,
844 3711 883 3765 8
921 3704 1057 3759 mihi
1110 3706 1248 3761 civis
1295 3704 1433 3761 male
1477 3704 1745 3761 adiectum
1784 3702 1982 3765 videri,
2042 3703 2126 3759 his
2183 3702 2402 3776 quidem
2453 3704 2522 3761 de
2575 3705 2814 3761 caussis:

528 3807 764 3883 primum
819 3808 1133 3877 inquilinus
1185 3806 1388 3880 ubique
1442 3805 1840 3863 substantivum
1897 3814 2010 3869 est;
2069 3822 2396 3879 quamquam
2452 3813 2634 3863 autem
2687 3808 2814 3863 sub-

529 3908 759 3967 stantiva
814 3908 947 3965 haut
994 3926 1119 3963 raro
1176 3908 1562 3964 adiectivorum
1617 3912 1866 3963 naturam
1909 3906 2174 3969 induunt,
2227 3914 2409 3962 tamen
2461 3907 2514 3962 id
2559 3907 2616 3963 in
2659 3926 2814 3965 voca-

527 4009 657 4067 bulo
693 4010 845 4074 iuriS,
892 4009 996 4066 nisi
1041 4027 1145 4067 usu
1189 4016 1467 4083 receptum
1510 4014 1684 4070 esset,
1727 4006 1907 4064 minus
1953 4006 2110 4065 facile
2155 4007 2272 4064 fieri
2315 4007 2529 4065 licebat.
2615 4008 2812 4067 Deinde

526 4114 663 4169 civis
698 4114 859 4169 urbis
899 4112 1125 4174 Romae⁴
1162 4110 1255 4167 ubi
1293 4109 1497 4170 dictum
1541 4110 1630 4173 sit,
1671 4109 1854 4166 nescio
1897 4107 2016 4181 (cfr.
2047 4108 2197 4165 Nieb.
2232 4109 2295 4164 Η.
2335 4111 2394 4166 R.
2433 4109 2477 4163 11
2520 4128 2574 4183 p.
2600 4109 2708 4183 75),
2753 4130 2816 4168 ac

528 4214 871 4271 vehementer
910 4213 1102 4270 dubito
1140 4230 1209 4268 an
1251 4210 1360 4269 illis
1408 4211 1744 4286 temporibus
1781 4211 1887 4269 dici
1930 4211 2204 4286 potuerit,
2253 4210 2450 4285 quibus
2494 4210 2683 4268 civitas
2725 4231 2814 4269 ro-

526 4332 681 4371 mana
724 4331 835 4370 non
881 4314 1032 4370 urbis
1083 4313 1367 4388 pomoerio
1403 4312 1817 4376 continebatur,
1867 4320 1953 4369 set
1992 4312 2442 4389 multis-oppidis
2483 4321 2541 4370 et
2583 4313 2814 4371 civitati-

3015 2306 3034 3049 ⁴
