3042 4917
521 287 559 354 7
564 287 604 355 4
1220 305 1826 354 coxiani-irancuum
1872 307 2012 354 oAr.
2062 309 2151 354 ιν.

519 463 694 526 culam
727 463 794 524 ab
821 462 1146 539 glossatore,
1192 464 1286 538 qui
1315 463 1563 539 asyndeti
1594 463 1861 524 rationem
1893 482 2085 541 parum
2115 467 2501 542 perspexisset,
2536 467 2799 528 adiectam

520 587 642 630 esse
685 567 804 643 (cfr.
842 584 952 624 var.
991 584 1093 623 scr.
1141 567 1205 624 ad
1247 572 1326 630 14,
1363 565 1436 640 7).

687 687 904 745 Multam
942 685 1224 742 dubitandi
1252 703 1434 742 ansam
1465 686 1689 760 praehet
1717 686 2046 763 principium
2087 689 2353 745 orationis
2397 689 2509 762 lug.
2556 707 2602 746 c.
2641 697 2707 750 lo
2738 681 2801 763 ¹).

517 791 594 848 Ac
637 791 871 865 primum
917 788 1132 862 quidem
1177 787 1231 843 in
1277 787 1454 844 verbis
1493 790 1553 846 in
1600 775 1838 862 requiam
1882 805 2066 847 meum
2112 794 2314 862 accepi
2350 789 2665 865 suspectum
2719 799 2804 847 est

517 905 720 956 meum,
749 892 874 967 quia
909 893 965 947 in
997 884 1186 964 SBPg2l
1215 898 1346 965 post
1375 888 1635 964 reynum,
1662 891 1717 948 in
1742 891 1965 948 relicuis
1996 900 2121 950 ante
2149 893 2390 968 positum
2418 900 2518 948 est.
2588 892 2652 948 Et
2679 910 2802 950 cum

519 1004 769 1071 apertum
807 995 879 1051 sit
917 994 1022 1063 hoc
1065 993 1199 1049 dici:
1263 999 1314 1048 te
1365 995 1520 1067 regio
1566 994 1717 1052 cultu
1760 1001 1922 1068 atque
1976 995 2190 1052 honore
2229 1013 2351 1052 esse
2397 995 2557 1058 volui,
2598 1013 2805 1070 prono-

519 1117 642 1155 men
698 1096 1066 1174 possessivum
1123 1102 1270 1152 recte
1323 1096 1625 1152 omittetur.
1706 1096 1836 1152 Nam
1880 1096 2099 1170 Micipsa
2148 1097 2202 1152 in
2258 1096 2397 1154 alius
2444 1113 2674 1170 regnum
2719 1098 2805 1154 Iu—

517 1203 774 1276 gurtham
807 1199 1052 1272 accipere
1096 1215 1208 1254 non
1249 1198 1448 1272 potuit.
1541 1199 1622 1254 Ad
1665 1216 1801 1271 quae
1844 1197 2081 1263 adcedit,
2127 1199 2275 1273 quod
2320 1199 2366 1255 si
2410 1215 2595 1254 meum
2642 1199 2809 1257 adici-

518 1310 637 1366 tur,
697 1301 854 1360 facile
901 1301 1120 1374 Micipsa
1179 1300 1233 1354 in
1296 1301 1614 1356 societatem
1664 1301 1822 1373 regni
1876 1303 2023 1372 quod
2082 1319 2240 1358 suum
2296 1309 2441 1357 esset
2486 1302 2807 1375 iugurtham

519 1406 805 1464 adscivisse
866 1402 1034 1459 videri
1090 1402 1285 1476 possit.
1370 1403 1504 1457 Tum
1557 1403 1751 1459 liberis
1806 1403 1951 1476 quod
2005 1404 2059 1461 in
2122 1403 2373 1460 omnibus
2430 1402 2587 1460 libris
2642 1421 2807 1460 manu

520 1508 738 1582 scriptis
784 1506 1002 1579 legitur,
1050 1504 1167 1560 iure
1213 1521 1274 1562 ac
1313 1503 1509 1560 merito
1555 1505 1843 1561 offensioni
1890 1513 1989 1562 est.
2056 1505 2187 1561 Nam
2231 1506 2276 1561 si
2323 1505 2456 1562 illud
2500 1507 2807 1581 exprimere

518 1610 758 1666 voluisse
787 1608 1061 1681 Micipsam
1100 1613 1428 1662 statuamus:
1476 1623 1728 1680 sperasse
1774 1623 1831 1663 se
1876 1608 2191 1681 Iugurtham
2238 1609 2342 1664 sibi
2384 1626 2493 1665 non
2536 1610 2806 1664 minorem

519 1712 777 1786 pietatem
818 1709 1210 1784 praestiturum
1253 1723 1399 1770 esse,
1460 1727 1621 1782 quam
1668 1708 1839 1765 filium
1884 1711 2151 1783 genitori,
2208 1711 2407 1767 mirum
2450 1717 2535 1766 est
2578 1709 2804 1774 liberos,

522 1830 661 1888 quos
705 1820 886 1868 utrum
932 1810 1219 1885 geniturus
1274 1817 1420 1866 esset
1475 1827 1658 1868 annon
1720 1813 1987 1868 incertum
2031 1820 2145 1870 tum
2195 1813 2329 1875 suit,
2386 1803 2805 1869 conmemorari.

518 1915 584 1972 Et
619 1923 765 1971 recte
809 1913 874 1970 ab
926 1913 1046 1972 aliis
1091 1912 1525 1968 animadvorsum
1570 1921 1683 1976 est,
1742 1914 1819 1969 sic
1870 1915 1935 1969 ob
1978 1915 2242 1986 benificia
2288 1914 2451 1970 etiam
2500 1915 2566 1970 ad
2612 1916 2810 1971 liberis

518 2017 795 2094 pertinere
834 2016 1017 2072 videri.
1098 2014 1192 2071 Set
1226 2015 1390 2088 quid?
1431 2033 1563 2070 num
1609 2014 1867 2072 credibile
1912 2023 2012 2079 est,
2052 2033 2174 2072 cum
2217 2014 2548 2091 planissuma
2582 2017 2654 2073 sit
2686 2034 2809 2073 sen-

521 2121 692 2177 tentia
735 2120 782 2176 si
827 2120 1019 2176 liberis
1063 2117 1222 2181 absit,
1267 2116 1333 2173 ab
1379 2116 1691 2192 glossatore
1733 2117 2001 2173 adiectum
2040 2119 2203 2174 esse?
2278 2118 2508 2192 Optuma
2554 2127 2641 2174 est
2685 2135 2809 2200 sen·

519 2224 688 2279 tentia
737 2223 900 2278 modo
946 2238 1052 2276 una
1087 2219 1270 2275 littera
1314 2228 1629 2276 conmutata
1665 2222 1872 2277 liberos
1914 2219 2231 2276 scribamus.
2303 2221 2615 2294 Aptissume
2659 2221 2807 2276 enim

517 2323 736 2400 Micipsa
780 2325 902 2398 ipso
946 2324 1001 2378 111
1046 2321 1316 2396 principio
1361 2322 1477 2378 eius
1519 2322 1815 2385 orationis,
1862 2339 1969 2396 qua
2010 2321 2328 2398 Iugurtham
2372 2338 2439 2378 ne
2485 2329 2614 2392 post
2659 2340 2809 2378 mor-

517 2437 627 2484 tem
673 2444 823 2483 suam
855 2424 1118 2481 fratribus
1167 2424 1343 2480 hostis
1400 2423 1493 2478 fiat
1531 2424 1922 2481 dehortaturus
1974 2434 2085 2489 est,
2140 2424 2295 2481 illum
2345 2425 2597 2481 admonet
2642 2424 2805 2488 offici,

518 2548 628 2605 quo
675 2529 746 2586 ob
786 2526 1030 2584 benificia
1073 2543 1183 2581 non
1230 2525 1406 2581 solum
1449 2525 1581 2588 sibi,
1632 2535 1714 2582 set
1761 2526 1921 2582 etiam
1970 2525 2159 2583 liberis
2206 2527 2318 2584 suis
2368 2526 2667 2582 obstrictus
2715 2528 2805 2589 sit,

517 2651 639 2688 cum
669 2632 814 2687 dicat
848 2647 906 2684 se
937 2617 998 2684 ea
1033 2645 1128 2702 spe
1161 2627 1310 2685 illum
1345 2627 1617 2701 accepisse
1671 2628 1789 2683 sore
1835 2635 1897 2684 ut
1940 2630 2101 2685 ctiam
2138 2627 2359 2690 liberos,
2407 2646 2545 2702 quos
2584 2629 2807 2702 genitu-

517 2751 612 2790 rus
644 2741 806 2796 esset,
853 2730 1057 2806 pariter
1088 2748 1149 2787 ac
1184 2747 1242 2785 se
1273 2731 1450 2804 ipsum
1496 2729 1565 2785 ob
1600 2728 1847 2786 benificia
1885 2738 2105 2786 amaret.
2172 2730 2281 2786 Nec
2322 2731 2415 2803 qui
2452 2748 2611 2804 quam
2644 2749 2807 2786 error

519 2835 683 2893 semel
716 2835 1022 2893 conmissus
1061 2849 1161 2906 per
1194 2832 1368 2896 omnis
1400 2831 1571 2887 libros
1614 2839 1955 2907 propagetur
1997 2839 2211 2894 teneat,
2260 2832 2352 2905 qui
2395 2831 2513 2888 fleri
2555 2832 2807 2906 potuerit

516 2946 579 2994 ut
627 2939 834 2995 liberos
889 2937 942 2991 in
987 2936 1180 2991 liberis
1223 2940 1660 2998 conmutaretur,
1710 2941 1953 3009 quaeret.
2039 2934 2355 3008 Sequuntur
2408 2933 2569 2989 verba
2620 2951 2809 3006 neque

513 3049 722 3097 ea'res
761 3038 978 3112 falsum
1017 3053 1104 3093 me
1146 3037 1363 3106 habuit,
1404 3037 1460 3092 in
1498 3036 1695 3110 quibus
1744 3053 1915 3111 paene
1944 3037 2117 3092 miror
2151 3036 2417 3091 neminem
2465 3035 2808 3093 obsendisse.

515 3143 653 3213 Quid
698 3143 878 3200 enim?
926 3158 1106 3197 nonne
1146 3146 1494 3216 exspectatur
1528 3155 1597 3194 ea
1640 3147 1811 3210 spes?
1879 3138 2035 3194 Certe
2068 3137 2393 3217 scriptorem
2421 3137 2809 3212 neglegentiae

515 3247 739 3302 crimine
783 3245 1017 3300 liberare
1063 3260 1175 3299 non
1219 3241 1455 3316 poteris,
1513 3241 1561 3296 si
1608 3258 1733 3296 eum
1787 3255 1857 3296 ea
1908 3256 2005 3295 res
2062 3257 2167 3315 pro
2217 3241 2278 3295 id
2329 3239 2529 3295 dixisse
2574 3247 2807 3304 statuas,

518 3365 628 3422 quo
672 3349 792 3421 ipso
839 3347 886 3402 si
937 3362 1069 3401 usus
1125 3350 1272 3400 esset
1325 3343 1503 3399 minus
1558 3342 1813 3399 adcurate
1868 3342 2213 3416 scripsisset?
2294 3340 2430 3397 Num
2481 3341 2654 3416 igitur
2709 3359 2810 3399 res

521 3467 583 3506 ex
623 3463 756 3520 spes
795 3445 1420 3520 conruptum·videtur?
1510 3443 1770 3508 Minume,
1820 3452 1904 3501 set
1948 3445 2023 3500 ita
2067 3461 2291 3502 censeo:
2338 3459 2407 3499 ea
2452 3444 2519 3499 ab
2562 3443 2807 3502 librariis

518 3551 786 3607 adiectum
829 3565 966 3610 esse,
1023 3565 1162 3621 quos
1197 3545 1423 3603 latuerit
1465 3562 1620 3610 rem,
1666 3547 1699 3602 i.
1739 3565 1786 3602 e.
1840 3564 1962 3604 vera
2008 3554 2214 3610 eventa,
2260 3546 2462 3620 obponi
2504 3549 2631 3617 spei
2673 3547 2706 3601 i.
2756 3566 2804 3603 e.

516 3651 680 3708 rebus
721 3651 954 3725 speratis
999 3648 1119 3723 (csr.
1150 3649 1260 3705 Cat.
1299 3655 1384 3712 20,
1426 3656 1510 3710 13.
1550 3655 1635 3712 21,
1688 3657 1714 3708 l
1760 3631 1889 3722 ibiq.
1935 3648 2087 3704 locos
2124 3648 2191 3704 ab
2236 3646 2356 3702 aliis
2401 3641 2705 3722 conlectos)
2738 3643 2806 3722 ²).

517 3754 611 3810 Set
655 3752 852 3810 dixerit
887 3753 1120 3808 fortasse
1155 3751 1450 3826 quispiam:
1493 3751 1539 3806 si
1582 3751 1789 3807 liberos
1833 3750 2118 3814 scribatur,
2156 3751 2293 3806 hanc
2334 3750 2661 3806 sententiam
2692 3767 2809 3807 non

517 3856 648 3914 satis
702 3862 849 3913 recte
904 3855 969 3912 ad
1027 3853 1402 3930 praecedentia
1445 3853 1751 3935 adiunctam
1797 3853 1992 3918 videri;
2047 3851 2197 3908 nulla
2256 3852 2398 3909 enim
2444 3853 2687 3908 caritatis
2749 3853 2809 3910 in

586 4022 645 4087 1)
691 4023 912 4074 Parvum
947 4037 1068 4086 090,
1107 4021 1381 4086 Iugurtha,
1419 4025 1470 4069 te
1508 4035 1630 4069 eum
1750 4018 1804 4082 2)
1842 4019 2177 4080 Quintiliani
2213 4015 2368 4083 (Inst.
2408 4034 2485 4068 or.
2522 4018 2603 4069 IX
2637 4015 2690 4083 3,
2718 4017 2809 4086 12)

512 4109 693 4160 Par-ie.
737 4114 792 4159 et
826 4109 870 4158 B
912 4107 1075 4157 alteri
1111 4107 1446 4173 scripturae,
1489 4120 1629 4169 quae
1686 4103 1938 4154 codicum
1986 4104 2093 4155 fide
2140 4120 2226 4154 me
2283 4121 2394 4154 non
2448 4105 2625 4168 magis
2674 4120 2809 4154 eon-

514 4195 573 4244 in
609 4192 658 4248 ⁹13
697 4199 796 4256 est,
835 4200 886 4242 te
922 4193 1173 4258 Iugurtha
1208 4190 1633 4257 praeferundum
1685 4189 1895 4238 moveri
1925 4204 2089 4253 quam
2123 4188 2354 4239 Sallusti
2387 4189 2670 4253 librorum,
2707 4205 2807 4240 ne-

515 4279 726 4344 putavi‚
767 4277 910 4344 quod
945 4279 1028 4328 ita
1061 4284 1112 4327 te
1147 4277 1355 4328 firmius
1388 4291 1511 4328 cum
1548 4291 1631 4326 se·
1684 4290 1772 4324 mo
1812 4273 1974 4324 eredo
2010 4273 2315 4324 mirabitur.

517 4364 810 4430 quentibus
848 4362 1216 4428 coniungitur.
