3042 4917
529 268 618 342 98
1215 283 1823 334 communen&
1870 282 2013 332 0312.
2060 283 2148 331 xv.

537 456 760 506 tuentur
801 463 976 520 neque
1021 442 1262 502 insolens
1303 444 1420 502 eius
1467 461 1599 500 usus
1644 449 1759 506 est,
1816 443 1911 500 ubi
1956 459 2283 518 praegresso
2330 460 2439 517 quo
2476 439 2611 498 illud
2656 439 2829 515 expli-

534 558 690 606 cetur
727 547 1041 621 adiungitur
1087 545 1212 619 (vid.
1258 546 1370 602 Cat.
1401 553 1464 608 2,
1503 553 1555 606 9.
1613 553 1674 610 3,
1720 555 1771 605 5.
1836 545 1951 619 lug.
1999 551 2093 608 14,
2142 554 2225 606 15.
2273 550 2401 608 107,
2442 551 2491 603 2.
2547 543 2715 599 Madv.
2760 544 2828 599 ad

536 650 643 708 Cic.
687 651 753 707 de
797 650 888 706 fin.
929 649 951 704 1
987 658 1068 712 10,
1113 655 1182 710 34
1221 667 1274 723 p.
1305 647 1413 722 75).
1491 646 1663 704 Multo
1704 648 1909 704 rectius
1944 655 2259 721 suspectum
2294 645 2587 702 habebitur
2624 645 2828 714 bonae,

538 754 684 829 quod
722 753 777 808 in
821 753 942 809 cod.
986 751 1376 808 vetustissumo
1414 751 1454 806 P
1501 747 1963 824 superscriptum,
2013 749 2069 804 in
2116 741 2295 805 P4m¹t
2350 757 2476 804 ante
2530 749 2657 819 spei
2698 765 2831 804 con-

537 855 776 912 locatum
819 862 922 910 est.
1010 854 1188 926 Aegre
1233 853 1287 909 id
1328 853 1416 908 vix
1465 851 1755 925 quisquam
1799 851 2155 914 desiderabit,
2203 867 2380 924 neque
2416 869 2446 906 a
2491 850 2673 926 specie
2718 849 2831 905 veri

541 957 801 1012 abhorret
849 954 1106 1012 librarios
1171 955 1276 1010 vim
1325 954 1571 1012 vocabuli
1626 955 1756 1025 spei
1806 954 2105 1027 augendam
2166 953 2463 1008 arbitratos
2518 970 2657 1009 esse.
2740 951 2834 1006 Set

543 1067 724 1116 tamen
752 1057 885 1114 haec
914 1072 1026 1113 non
1059 1056 1196 1112 tanti
1241 1064 1395 1119 sunt,
1427 1064 1491 1112 ut
1531 1055 1853 1112 adiectivum
1880 1055 2189 1112 eiciundum
2218 1054 2480 1118 videatur,
2514 1071 2627 1110 non
2657 1053 2833 1126 magis

545 1178 706 1234 quam
747 1160 861 1234 lug.
899 1165 994 1221 42,
1039 1165 1090 1216 2.
1153 1187 1227 1200 ·—
1285 1157 1455 1214 Paulo
1498 1165 1629 1230 post
1670 1165 1705 1218 3
1746 1159 1984 1225 ceteriS,
2036 1173 2360 1238 quamquam
2414 1157 2471 1212 in
2512 1155 2836 1211 vetustissu-

545 1263 650 1320 mis
691 1271 901 1320 tantum
946 1278 1060 1318 non
1099 1258 1346 1316 omnibus
1401 1257 1637 1332 legitur,
1700 1267 2013 1333 suspectum
2058 1276 2179 1316 esse
2222 1277 2335 1316 non
2368 1275 2541 1331 nego,
2598 1257 2837 1313 fortasse

540 1373 728 1422 tamen
762 1363 840 1420 ita
879 1362 1170 1421 defendere
1214 1357 1550 1436 poterimus,
1595 1369 1657 1417 ut
1702 1360 1827 1416 Sall.
1873 1361 2109 1436 primum
2164 1363 2479 1444 amicorum
2534 1359 2835 1420 notionem,

545 1465 738 1522 deinde
783 1464 1026 1522 omnium
1065 1463 1160 1538 qui
1203 1463 1472 1526 adessent,
1521 1463 1556 1517 i.
1598 1480 1644 1519 e.
1684 1470 2011 1526 ceterorum,
2056 1463 2413 1521 remotionem
2460 1477 2703 1534 urguere
2745 1477 2839 1516 vo-

548 1567 718 1624 luisse
759 1574 1076 1622 statuamus.
1167 1564 1261 1621 Set
1303 1563 1478 1621 multo
1522 1564 1863 1638 gravioribus
1920 1564 2353 1622 dubitationibus
2406 1563 2639 1620 obnoxia
2692 1570 2840 1624 sunt,

551 1685 693 1742 quae
727 1675 1065 1741 sequuntur:
1108 1668 1321 1723 dicitur
1363 1682 1557 1724 secum
1592 1668 1716 1738 ipse
1759 1669 1993 1722 multum
2044 1659 2089 1739 ¹)
2137 1668 2470 1739 ayitavisse,
2514 1667 2666 1722 voltu
2710 1681 2841 1721 cor-

551 1772 714 1842 poris
737 1770 972 1841 pariter
1016 1775 1188 1840 atque
1232 1769 1420 1826 animo
1463 1769 1679 1824 varius
1780 1768 1868 1825 Sic
1924 1767 2173 1842 plerique
2218 1777 2381 1842 atque
2428 1767 2638 1842 optumi
2681 1765 2843 1830 libri;

555 1879 612 1928 at
668 1873 818 1928 voltu
865 1871 1131 1942 corporis
1171 1869 1280 1927 dici
1337 1869 1557 1942 nequit,
1616 1878 1673 1926 et
1727 1870 1869 1926 ratio
1928 1853 2258 1944 explicandi,
2318 1886 2479 1944 quam
2519 1868 2587 1924 ab
2629 1867 2843 1924 Kritzio

555 1973 896 2048 propositam
943 1971 1074 2029 olim
1118 1971 1234 2046 ipse
1280 1970 1506 2044 probavi
1552 2003 1635 2012 —
1678 1973 1988 2045 genetivum
2031 1972 2235 2028 nullam
2280 1971 2439 2028 aliam
2484 1969 2553 2026 ob
2595 1987 2844 2026 caussam

557 2075 867 2132 adiunctum
923 2091 1073 2136 esse,
1130 2073 1235 2129 nisi
1290 2081 1354 2129 ut
1393 2091 1594 2146 genus,
1650 2074 1807 2130 cuius
1852 2081 1999 2130 esset
2040 2073 2259 2137 ·voltus,
2314 2073 2519 2129 maiore
2576 2071 2845 2145 gravitate

547 2177 733 2232 animo
774 2175 1176 2250 obponeretur;
1221 2174 1322 2230 cfr.
1365 2173 1648 2248 Naegelsb.
1695 2175 1891 2232 Theor.
1935 2176 1988 2231 d.
2033 2174 2128 2232 lat.
2173 2175 2252 2231 St.
2298 2194 2352 2248 p.
2397 2179 2502 2235 274
2544 2191 2629 2246 sq.
2668 2205 2744 2214 —
2780 2191 2843 2230 ea

557 2279 613 2334 in
655 2277 1034 2352 philosophica
1073 2275 1444 2349 disputatione
1481 2277 1669 2350 potius
1713 2295 1872 2351 quam
1918 2279 1971 2332 in
2016 2276 2247 2351 simplici
2286 2275 2601 2332 narratione
2661 2273 2845 2330 locum
2919 2327 2931 2341 ,
3006 2255 3008 2264 ¹

559 2379 739 2435 habet.
821 2377 914 2434 Set
956 2377 1061 2432 iam
1105 2377 1343 2450 antiquis
1385 2375 1721 2451 temporibus
1765 2378 1923 2434 aliam
1955 2379 2117 2436 huius
2160 2377 2266 2434 loci
2312 2378 2483 2434 fuisse
2515 2377 2847 2452 scripturam

553 2479 902 2552 intellegitur
934 2478 1073 2541 inde,
1105 2479 1252 2552 quod
1281 2478 1426 2536 Serv.
1461 2480 1527 2536 ad
1557 2479 1715 2553 Verg.
1746 2481 1807 2536 A.
1840 2480 1927 2536 VII
1958 2487 2058 2540 251
2092 2497 2159 2537 ex
2186 2481 2290 2536 hoc
2322 2479 2447 2536 loco
2480 2479 2663 2536 adfert
2693 2481 2846 2535 voltu

563 2588 619 2638 ee
661 2583 858 2648 oculis,
904 2597 1042 2652 quae
1085 2580 1271 2642 eadem
1317 2579 1506 2643 verba,
1565 2598 1889 2655 quamquam
1934 2581 2061 2638 Sall.
2110 2581 2419 2637 nominatus
2463 2598 2574 2636 non
2618 2587 2733 2644 est,
2774 2581 2853 2638 le-

565 2688 774 2755 guntur
833 2681 975 2754 apud
1030 2680 1416 2755 Hieronymum
1472 2681 1657 2738 Coum.
1714 2683 1771 2738 in
1820 2683 2009 2740 Ezech.
2055 2681 2149 2738 lib.
2207 2682 2273 2738 111
2325 2683 2385 2738 T.
2434 2682 2479 2736 V
2530 2700 2586 2756 p.
2630 2688 2699 2742 85
2768 2682 2851 2738 ed.

570 2782 701 2838 Vall.
789 2781 856 2838 Et
893 2799 1016 2838 cum
1055 2781 1389 2840 recentiores
1434 2783 1561 2840 libri
1604 2784 1900 2859 praebeant
1945 2786 2103 2841 vultu
2134 2777 2325 2841 ‘colore
2369 2789 2521 2840 motu
2568 2785 2853 2855 corporis,

559 2901 748 2950 nonne
791 2891 1038 2958 apertum
1095 2891 1182 2940 est
1225 2883 1426 2957 glossis
1470 2886 1615 2943 hunc
1652 2886 1832 2944 locum
1874 2885 2215 2960 inquinatum
2259 2887 2413 2943 esse?
2498 2883 2637 2952 Quid
2684 2885 2859 2958 igitur

570 2985 916 3042 statuendum
954 2985 1202 3042 videtur?
1286 2987 1476 3044 Utrum
1517 2987 1883 3060 glossatorem
1924 2987 2309 3062 philosophico
2358 2987 2591 3061 quodam
2636 2987 2857 3062 pruritu

570 3089 636 3146 ad
679 3089 832 3144 voltu
867 3087 1221 3162 adscripsisse
1269 3093 1552 3160 corpor-ist,
1599 3107 1666 3144 an
1701 3089 2015 3148 Sallustium
2052 3089 2337 3165 scripsisse
2378 3104 2659 3160 corpore,
2710 3089 2857 3163 quod

571 3209 692 3248 cum
737 3207 803 3246 ex
844 3188 1046 3263 glossis
1092 3191 1241 3247 voltu
1279 3191 1506 3248 inlatum
1542 3199 1705 3255 esset,
1752 3209 1863 3249 non
1890 3191 2075 3268 potuit
2121 3208 2233 3248 non
2272 3190 2327 3247 in
2372 3190 2683 3265 genetivum
2726 3208 2857 3247 con-

574 3292 803 3372 mutari?
891 3290 1045 3358 Quod
1068 3291 1114 3346 si
1159 3293 1496 3366 reputaveris
1535 3300 1740 3358 tecum,
1788 3304 2040 3351 constare
2083 3293 2187 3350 iam
2234 3292 2475 3374 anti-quis
2515 3292 2858 3366 temporibus

575 3393 790 3467 glossas
833 3392 889 3448 in
933 3393 1076 3449 hunc
1115 3392 1295 3450 locum
1339 3393 1533 3450 inlatas
1578 3393 1780 3460 fuisse,
1824 3399 2015 3453 animo
2059 3394 2196 3451 nihil
2234 3395 2437 3452 melius
2474 3394 2725 3468 potuisse
2768 3394 2863 3450 ob·

577 3495 710 3568 poni
746 3511 906 3567 quam
947 3510 1210 3564 corpore,
1255 3502 1310 3551 at
1353 3494 1489 3551 nihil
1538 3512 1605 3552 eo
1650 3496 1771 3572 ipso
1814 3498 1987 3571 magis
2020 3496 2347 3554 inlustrandi
2390 3496 2631 3552 librariis
2676 3513 2860 3551 ansam

579 3594 913 3669 praebuisse,
957 3603 1236 3668 postremo
1283 3613 1440 3670 quam
1496 3596 1731 3672 diligens
1784 3600 2022 3674 scriptor
2077 3599 2132 3655 in
2188 3598 2445 3655 membris
2498 3597 2861 3671 exaequandis

551 3695 766 3778 tuerit,
810 3696 1060 3772 profecto
1101 3714 1187 3753 me
1230 3713 1342 3754 non
1386 3698 1639 3758 audacius
1684 3717 1747 3758 ac
1782 3709 2003 3765 temere,
2052 3709 2137 3758 set
2166 3700 2326 3757 iustis
2366 3701 2434 3757 de
2474 3697 2685 3758 caussis
2732 3698 2863 3757 scri·

653 3894 704 3968 l)
725 3897 890 3948 Hanc
915 3901 1255 3964 optumorum
1277 3896 1540 3948 librorum
1564 3900 1699 3950 scri·
1749 3901 1883 3951 thae
1921 3917 1995 3964 an
2019 3899 2342 3967 Iugurtham
2366 3898 2555 3950 Sullae
2592 3900 2864 3962 traderet3

583 3986 802 4048 pturam
851 3983 932 4047 ei,
992 3983 1136 4048 quod
1183 3984 1358 4034 ceteri
1403 3986 1699 4050 praebent,
1751 3985 1919 4046 haec,
1959 4002 2070 4036 non
2093 3986 2286 4050 multa,
2314 3985 2587 4052 agitavit3
2621 3991 2681 4035 at
2714 3990 2863 4036 recte

581 4071 736 4117 multa
759 4068 1188 4132 praeferundam
1214 4069 1563 4120 existumavi.
1602 4071 1698 4118 Et·
1750 4070 1956 4120 dicitur
1989 4075 2199 4130 malcum,
2239 4072 2297 4120 in
2334 4086 2438 4135 quo
2466 4071 2615 4120 inest
2652 4075 2753 4120 aut
2786 4070 2866 4119 rei

587 4154 733 4202 enim
770 4153 902 4218 quid
948 4154 1252 4218 agitaverit
1285 4155 1542 4205 Bocchus
1581 4171 1697 4204 cer·
1750 4155 1975 4219 saepius
2013 4155 2204 4206 factae
2242 4161 2340 4206 aut
2363 4155 2588 4205 maioris
2622 4156 2771 4205 modi
2796 4155 2865 4204 si-

583 4241 700 4286 tum
747 4236 860 4299 est‘3
916 4237 1070 4288 nulla
1126 4239 1242 4289 alia
1286 4241 1438 4305 optio
1487 4240 1541 4290 ei
1586 4240 1699 4289 iam
1750 4237 2039 4304 gnificatio
2086 4237 2218 4304 (cfr.
2269 4240 2393 4289 Cat.
2440 4240 2535 4302 27,
2572 4239 2623 4288 4.
2671 4238 2768 4304 60,
2816 4239 2866 4288 4.

583 4321 718 4372 data
753 4321 862 4370 fuit
897 4324 1008 4374 nisi
1041 4328 1222 4374 utrum
1258 4325 1468 4374 Sullam
1503 4325 1696 4389 Iugur·
1749 4325 1868 4388 Iug.
1912 4323 1956 4388 l,
1996 4324 2047 4374 5.
2090 4323 2169 4389 19,
2212 4324 2262 4374 1.
2298 4323 2385 4388 94,
2422 4323 2472 4374 3.
2516 4321 2629 4386 108,
2674 4322 2745 4389 1).
