3042 4917
894 311 1503 361 OONMBNTA'nouun
1543 310 1686 353 cAP.
1726 310 1814 353 ιν.
2419 291 2500 353 57

218 476 438 552 quippe‘
472 474 565 548 qui
604 472 731 547 quid
766 478 985 529 senatus
1025 486 1271 526 maxuma
1298 485 1425 543 pars
1454 466 1758 524 censuisset
1790 466 1972 529 sciret,
2009 476 2289 543 receptum
2321 467 2508 533 finisse,

219 596 323 635 nec
366 577 413 633 si
460 572 775 632 Sallustium
814 574 952 631 hanc
996 571 1231 629 nominis
1270 570 1600 628 delationem
1646 569 1810 643 paulo
1855 570 2215 644 anteceperit,
2275 571 2328 627 id
2371 570 2510 627 tanti

218 689 337 742 est,
405 686 469 735 ut
521 684 817 752 propterea
874 676 1020 749 quod
1074 673 1297 731 tradidit
1363 674 1419 733 in
1484 671 1850 746 suspicionem
1901 673 2192 729 vocandum
2249 673 2510 729 videatur.

220 783 331 839 lam
374 782 647 837 videamus
691 778 757 833 de
803 776 973 834 altera
1016 793 1224 833 caussa.
1314 775 1445 832 Cum
1498 774 1670 847 igitur
1728 774 1850 847 lege
1897 775 2292 849 praescriptum
2348 776 2518 833 fuerit

222 892 287 941 ut
330 881 599 941 candidati
638 879 815 935 tribus
856 888 981 936 ante
1024 878 1243 936 comitia
1278 877 1534 935 nundinis
1577 892 1760 934 coram
1802 876 2010 951 populo
2055 896 2114 934 se
2157 886 2346 952 petere
2385 896 2516 953 pro·

224 986 513 1043 {iterentur
566 981 741 1057 (Beck.
789 982 913 1037 Ant.
949 982 1101 1037 Rom.
1146 980 1191 1035 ΙΙ
1232 986 1267 1037 2
1304 998 1357 1053 p.
1402 985 1469 1040 37
1514 986 1570 1035 et
1613 976 1745 1051 49),
1806 978 1966 1035 verba
2018 976 2113 1034 illa
2163 984 2318 1052 quod
2359 984 2518 1038 intra

226 1091 525 1162 leyitumos
578 1086 701 1142 dies
747 1085 1025 1155 profiteri
1090 1082 1428 1153 nequiverat
1494 1080 1631 1137 nihil
1693 1080 1840 1137 aliud
1895 1078 2202 1155 significare
2267 1092 2517 1156 possunt,

226 1191 335 1247 nisi
374 1188 657 1245 Catilinam
699 1202 807 1259 quo
853 1186 1033 1243 minus
1076 1184 1283 1241 trinum
1328 1183 1628 1239 nundinum
1673 1181 1805 1254 (sive
1852 1200 2110 1258 praesens
2156 1184 2266 1243 sive
2303 1185 2520 1259 absens)

227 1298 445 1366 peteret
496 1287 795 1363 inpeditum
850 1288 1050 1351 fuisse,
1108 1304 1280 1361 eaque
1338 1302 1397 1343 re
1452 1286 1511 1341 L.
1558 1283 1862 1341 Volcatium
1912 1284 2126 1341 Tullum
2172 1263 2286 1361 ‘pro
2329 1306 2522 1345 caussa

230 1410 391 1449 usum
434 1408 555 1449 esse
585 1407 684 1447 cur
722 1389 863 1447 eius·
884 1404 1081 1447 nomen
1128 1406 1187 1445 se
1215 1388 1652 1444 renuntiaturum
1691 1394 1936 1460 negaret,
1981 1388 2036 1443 id
2067 1388 2212 1461 quod
2243 1386 2520 1462 Hagenius

228 1494 266 1550 l.
314 1514 361 1551 e.
402 1513 453 1568 p.
500 1500 571 1553 83
611 1498 907 1567 propterea
946 1491 1025 1548 sic
1062 1490 1372 1547 institutum
1414 1506 1536 1545 esse
1579 1489 1806 1553 censuit,
1853 1506 1920 1546 ue
1957 1488 2186 1546 Catilina
2216 1489 2524 1548 laederetur

232 1606 401 1670 atque
442 1593 874 1651 exacerbaretur.
946 1593 1040 1649 Set
1084 1582 1249 1664 quid?
1296 1608 1423 1649 num
1454 1589 1738 1647 Catilinam
1787 1599 1894 1647 tam
1939 1592 2318 1665 inprudentem
2355 1594 2524 1651 fuisse

232 1696 497 1755 credibile
536 1703 649 1759 est,
708 1702 768 1749 ut
826 1712 885 1751 se
929 1701 1117 1769 petere
1161 1692 1545 1767 profiteretur,
1605 1711 1725 1751 cnm
1773 1694 1921 1767 quod
1965 1690 2086 1767 lege
2130 1696 2526 1769 praescriptum

236 1807 384 1856 esset
432 1800 609 1855 facere
650 1796 1013 1870 nequivisset,
1070 1802 1300 1869 propter
1348 1795 1495 1869 quod
1551 1795 1668 1851 iure
1713 1795 1762 1852 ei
1809 1795 2092 1869 petitionis
2137 1804 2384 1871 potestas
2433 1816 2527 1855 ne-

237 1910 479 1975 garetur,
522 1907 616 1957 aut
646 1908 755 1955 tam
787 1898 1039 1953 audacem
1072 1875 1640 1971 atque‘inpudentem,
1685 1905 1746 1953 ut
1781 1896 2088 1971 postularet
2110 1898 2213 1981 'uti
2253 1898 2376 1973 lege
2415 1899 2526 1955 sol-

238 2010 477 2065 veretur,
522 2000 576 2056 in
622 2017 781 2073 quem
828 1998 1195 2072 gravissumae
1240 1999 1295 2055 in
1350 2005 1544 2055 senatu
1589 1999 1890 2055 sententiae
1933 1998 2110 2055 dictae
2153 2002 2370 2057 essent?
2445 2003 2527 2057 An

238 2104 540 2165 consulem,
589 2103 635 2158 si
681 2101 765 2157 lex
812 2100 1071 2157 Catilinae
1114 2100 1370 2174 petitioni
1418 2101 1682 2163 obstaret,
1725 2100 2012 2159 consilium
2043 2101 2318 2174 publicum
2360 2104 2426 2160 de
2466 2122 2530 2161 ea

237 2226 301 2263 re
338 2206 651 2262 habiturum
692 2202 859 2259 fuisse
900 2202 1184 2276 opinaris?
1252 2201 1407 2269 Quod
1452 2204 1498 2259 si
1544 2203 1742 2275 Asconi
1786 2203 1966 2259 locum
2007 2202 2302 2277 diligenter
2345 2206 2530 2263 nobis-

238 2326 364 2365 cum
418 2305 877 2381 reputaverimus,
934 2303 1333 2377 professionem
1352 2378 1368 2393 Ι
1391 2304 1678 2378 petitionis
1731 2322 1841 2361 non
1895 2306 1962 2361 de
2013 2304 2294 2363 voluntate
2347 2324 2532 2377 coram

240 2408 453 2485 populo
494 2407 763 2471 declarata
808 2404 1232 2479 intellegundam
1276 2422 1399 2462 esse
1435 2406 1560 2463 inde
1589 2406 1830 2481 adparet,
1869 2408 2015 2480 quod
2053 2408 2112 2463 L.
2158 2406 2432 2466 Volcatius
2465 2410 2532 2467 ad

242 2511 536 2569 consilium
572 2508 781 2571 retulit,
828 2525 957 2563 num
1000 2506 1263 2563 Catilinae
1301 2508 1568 2564 rationem
1607 2508 1807 2565 hahere
1847 2509 2090 2573 deberet,
2137 2510 2196 2566 si
2233 2519 2532 2586 peteret.

242 2614 391 2687 Ergo
422 2612 468 2669 si
504 2610 703 2667 Asconi
736 2609 1051 2667 testimonio
1080 2607 1284 2682 aliquid
1314 2609 1680 2673 tribuendum,
1725 2610 1954 2667 Catilina
1987 2629 2044 2669 se
2073 2613 2373 2686 petiturum
2403 2632 2534 2688 pro-

244 2716 427 2771 fessus
472 2722 559 2769 est
602 2712 713 2768 sive
750 2711 893 2785 apud
936 2708 1234 2774 consulem,
1278 2711 1331 2767 id
1370 2712 1517 2784 quod
1545 2728 1654 2767 non
1691 2706 2054 2769 necessarium
2097 2714 2268 2771 fuisse
2311 2724 2534 2790 optume

246 2814 641 2874 demonstravit
681 2813 897 2869 Becker.
938 2812 975 2867 1.
1014 2830 1061 2869 c.
1108 2830 1161 2886 p.
1214 2818 1281 2873 37
1314 2830 1427 2885 sq..
1483 2813 1594 2869 sive
1639 2813 1747 2869 alio
1785 2816 1974 2877 modo,
2015 2823 2099 2871 set
2141 2834 2262 2873 cum
2305 2816 2362 2873 L.
2409 2815 2535 2873 Vol-

247 2918 425 2976 catius
469 2934 536 2973 ex
578 2915 772 2973 consili
816 2914 1087 2971 sententia
1132 2930 1191 2968 se
1238 2931 1361 2969 eum
1406 2916 1843 2971 renuntiaturum
1883 2925 2154 2989 negasset,
2197 2935 2228 2973 a
2267 2919 2535 2992 petitione

248 3021 283 3075 i.
330 3038 376 3076 e.
436 3018 505 3074 ab
546 3016 891 3092 professione
948 3015 1089 3089 apud
1144 3014 1411 3088 populum
1470 3016 1698 3071 destitit.
1791 3016 1932 3073 Haec
1987 3018 2033 3073 si
2089 3019 2534 3085 consideraveriS,

252 3122 383 3196 quid
421 3127 535 3181 est,
596 3119 742 3191 quod
796 3125 958 3191 cogat
1012 3124 1075 3173 ut
1128 3115 1411 3173 consulem
1464 3117 1604 3191 legis
1645 3125 1928 3193 praetextu
1973 3120 2083 3181 uti,
2129 3138 2286 3193 quam
2329 3121 2537 3179 homini

252 3222 651 3297 indignissumo
694 3227 858 3294 atque
890 3217 1261 3294 optumatibus
1295 3218 1584 3273 metuendo
1631 3219 1888 3276 resistere
1917 3220 2171 3277 maluisse
2203 3226 2538 3280 statuamus?

254 3323 579 3399 praesertim
634 3338 754 3377 cum
803 3320 1143 3377 nobilitatem
1193 3320 1706 3377 condemnationem
1759 3321 2020 3378 Catilinae
2075 3330 2391 3380 constanter
2447 3343 2540 3382 vo·
2587 3334 2598 3343 ’

253 3427 424 3483 luisse
474 3424 597 3481 inde
642 3424 913 3497 adpareat,
954 3422 1100 3496 quod
1145 3422 1265 3478 Asc.
1312 3440 1363 3495 p.
1397 3430 1467 3483 90
1507 3439 1630 3479 eum
1676 3431 1901 3498 postero
1945 3442 2086 3481 anno
2133 3425 2210 3481 ita
2249 3426 2540 3485 liberatum

256 3546 375 3586 esse
416 3533 654 3583 testatur
696 3531 765 3580 ut·
795 3542 917 3581 eum
971 3530 1287 3580 senatorum
1331 3540 1469 3579 urna
1520 3525 1828 3589 damnaret,
1879 3544 2203 3601 quamquam
2247 3529 2542 3587 nonnullos

257 3650 321 3687 ex
355 3636 571 3687 senatu.
614 3634 777 3701 atque
822 3628 954 3683 adeo
999 3627 1057 3682 L.
1093 3625 1429 3699 Torquatum
1462 3624 1744 3683 consulem
1780 3628 1830 3683 ei
1865 3629 2058 3685 favisse
2097 3638 2313 3687 constat
2343 3630 2541 3704 (Drum.

257 3733 301 3789 V
344 3752 397 3807 p.
442 3728 583 3802 410).
671 3729 923 3785 Videmus
964 3744 1115 3801 ergo,
1170 3746 1269 3783 eur
1311 3727 1569 3784 credibile
1610 3728 1855 3784 videatur
1897 3730 2177 3787 Catilinam
2226 3732 2368 3788 intra
2411 3730 2547 3805 legi·
2582 3790 2602 3805 Ι

261 3842 443 3891 tumos
486 3832 601 3889 dies
645 3829 894 3905 profiteri
938 3827 1266 3903 nequivisse,
1312 3848 1489 3903 neque
1528 3832 1584 3886 in
1615 3829 1946 3904 scriptorum
1975 3832 2323 3895 testimoniis,
2369 3850 2546 3907 neque

260 3935 314 3992 in
343 3934 511 3991 rebus
548 3932 683 4007 ipsis
714 3932 1004 4005 quidquam
1050 3932 1359 4005 argumenti
1398 3931 1644 3995 inveniri,
1689 3932 1850 3989 verba
1889 3949 2026 4005 quae
2058 3934 2200 4006 apud
2231 3932 2546 3991 Sallustium

261 4038 523 4110 leguntur
557 4032 673 4089 sola
715 4034 767 4089 id
811 4038 1098 4089 testantur.
1170 4030 1307 4101 Quid
1354 4040 1550 4097 autem,
1595 4033 1641 4088 si
1673 4051 1734 4089 ea
1769 4033 1876 4089 alio
1907 4034 2068 4090 modo
2101 4042 2353 4107 suspecta
2383 4036 2547 4091 sunt?

260 4140 499 4195 Primum
537 4136 679 4192 enim
721 4134 849 4190 libri
894 4135 1265 4191 vetustissumi
1310 4141 1476 4207 atque
1534 4134 1742 4208 optumi
1801 4152 1986 4191 omnes
2039 4136 2358 4206 nequiverit
2401 4136 2550 4193 exhi-

263 4241 409 4303 bent,
449 4255 610 4314 quem
652 4236 1053 4295 coniunctivum
1084 4235 1396 4293 Gerlachius
1442 4234 1517 4293 ita
1559 4236 1848 4293 defendere
1874 4244 2102 4292 conatus
2144 4244 2244 4301 est,
2285 4245 2346 4293 ut
2387 4239 2549 4296 verba

263 4342 355 4399 illa
396 4358 509 4399 non
558 4336 783 4397 Sallusti
829 4356 1005 4413 neque
1050 4346 1365 4395 senatorum
1408 4354 1530 4395 esse
1567 4336 1854 4403 iudicium,
1913 4345 1998 4394 set
2039 4355 2104 4397 ex
2142 4347 2325 4399 mente
2367 4340 2549 4399 Catili-
