3042 4917
1272 296 1881 343 OONMENTATIONUM
1929 299 2068 342 CAP.
2119 300 2162 341 1.

736 451 893 522 lyton
934 450 1019 507 vel
1060 452 1297 508 dialiton
1340 452 1631 509 invenitur.
1718 452 1935 511 Scilicet
1979 453 2234 511 librarius
2279 453 2496 509 litteras
2539 452 2679 509 male
2727 470 2858 509 con-

740 560 941 609 tractas
982 570 1121 616 esse,
1168 553 1245 611 ita
1282 554 1590 627 significare
1632 554 1804 611 voluit
1845 554 1964 628 (cfr.
2007 555 2120 628 lug.
2151 562 2249 619 85,
2287 564 2352 617 31
2407 555 2499 612 uhi
2546 574 2710 630 supra
2754 573 2860 627 paff-

740 672 871 710 rum
913 672 1017 711 scr.
1058 660 1239 726 parvi
1275 655 1356 719 Δ,
1404 657 1532 713 ibid.
1577 664 1647 717 48
1683 676 1802 732 sup.
1842 660 1965 713 dis:
2011 659 2120 713 diis
2162 657 2266 731 A).

674 799 685 811 .
737 751 824 820 1³¹,
868 756 1149 813 Parisinus
1187 775 1271 812 nr.
1320 764 1456 819 1576
1502 777 1642 843 saec.
1685 760 1745 823 X,
1793 766 1878 815 set
1916 759 2080 834 paulo
2119 759 2401 835 posterior
2445 776 2605 833 quam
2646 759 2704 822 P,
2738 775 2861 814 cum

738 876 848 932 quo
894 859 969 913 ita
1002 859 1295 921 consentit,
1341 868 1403 915 ut
1442 860 1573 933 quin
1619 877 1684 915 ex
1725 861 1915 917 eodem
1959 862 2114 917 fonte
2157 861 2372 917 fluxerit
2430 877 2661 935 prorsus
2705 859 2862 915 dubi-

745 959 846 1014 tari
896 977 1007 1015 non
1059 960 1256 1035 possit.
1355 960 1622 1029 Quoniam
1665 970 1846 1018 autem
1889 964 2105 1037 saepius
2149 981 2310 1037 quam
2372 962 2463 1033 ille
2519 963 2862 1037 antiquiores

740 1061 945 1117 formas
988 1063 1219 1118 servavit
1262 1061 1400 1135 (eius
1444 1064 1664 1136 generis
1713 1073 1797 1120 est
1843 1066 2237 1138 gravissumum
2283 1065 2569 1121 vetustatis
2614 1064 2863 1121 testimo-

740 1163 980 1220 monium
1024 1164 1517 1243 thensaurosjug.
1561 1171 1646 1228 37,
1682 1172 1731 1225 4.
1779 1171 1863 1229 75,
1908 1166 1987 1241 1),
2033 1168 2158 1223 inde
2203 1168 2468 1241 adparere
2496 1166 2724 1229 videtur,
2771 1183 2864 1221 eas

742 1266 798 1322 in
840 1266 881 1321 P
928 1265 1181 1323 consulto
1228 1268 1284 1322 in
1325 1267 1579 1340 volgares
1629 1276 1970 1325 conmutatas
2026 1286 2163 1325 esse.
2244 1268 2642 1341 Nonnunquam
2700 1275 2864 1341 optu-

738 1385 853 1424 mas
898 1370 1197 1442 scripturas
1248 1368 1401 1425 solus
1446 1370 1692 1425 servavit.
1781 1371 1861 1426 Ab
1911 1370 2218 1427 recentiore
2261 1386 2423 1425 manu
2461 1356 2684 1425 multae*
2712 1368 2868 1441 glos-

710 1488 833 1527 ·sae
888 1470 1269 1527 interlineares
1327 1478 1382 1527 et
1442 1472 1770 1545 marginales
1827 1472 2134 1546 adscriptae
2192 1479 2349 1535 sunt,
2403 1471 2697 1546 eademque
2751 1488 2864 1526 non

739 1572 875 1627 nihil
932 1573 989 1627 in
1035 1580 1186 1629 textu
1229 1582 1554 1630 correctum.
1627 1574 1720 1630 His
1775 1574 1934 1630 tertia
1992 1582 2048 1631 et
2105 1582 2298 1647 quarta
2355 1591 2545 1629 manus
2579 1573 2864 1631 nonnulla

742 1674 1005 1748 adiecere.

670 1820 681 1830 .
740 1771 827 1839 P2,
873 1776 1151 1831 Parisinus
1212 1783 1351 1837 6085
1405 1777 1630 1833 membr.
1677 1795 1814 1833 saec.
1860 1778 1942 1833 XI.
2019 1776 2213 1833 Eadem
2262 1794 2452 1834 manus
2498 1785 2627 1852 post
2669 1778 2868 1851 lugur-

745 1879 866 1934 thae
920 1877 1081 1934 finem
1123 1878 1318 1935 Bocchi
1376 1880 1680 1936 orationem
1727 1878 1804 1953 (c.
1854 1878 1988 1953 110)
2033 1880 2354 1953 adscripsit,
2413 1887 2528 1935 tum
2585 1881 2868 1936 recentior

740 1998 931 2037 manus
977 1998 1191 2036 omnem
1240 1980 1387 2036 illam
1430 1980 1678 2038 lacunam
1719 1981 1952 2054 explevit
1997 1980 2178 2057 (quam
2224 1981 2516 2054 significavi
2553 1974 2657 2055 p2).
2729 1979 2869 2037 Mul-

742 2092 825 2139 tas
872 2084 1120 2140 continet
1161 2083 1376 2156 glossas
1423 2090 1477 2137 et
1536 2083 1914 2139 interlineares
1960 2083 2342 2157 (argumenta)
2403 2092 2457 2138 et
2515 2083 2864 2156 marginales.

739 2185 798 2241 In
842 2185 1234 2259 orthographia
1277 2202 1399 2241 cum
1434 2184 1714 2259 plerisque
1755 2186 1927 2241 libris·
1953 2186 2067 2241 fere
2109 2186 2383 2242 consentit
2423 2184 2660 2259 (saepius
2691 2201 2722 2239 e
2757 2202 2862 2259 pro

740 2304 805 2343 oe
834 2295 889 2343 et
934 2300 988 2361 eg,
1040 2303 1143 2361 pro
1188 2284 1300 2361 ae).
1391 2286 1470 2341 Ad
1517 2288 1656 2343 idem
1707 2288 2058 2361 archetypum
2103 2295 2378 2343 exaratum
2422 2304 2541 2342 esse
2585 2294 2750 2360 atque
2795 2280 2861 2341 P¹

742 2407 862 2445 cum
905 2395 1119 2444 ceterae
1176 2389 1480 2462 scripturae
1535 2366 1858 2453 ostendunt,
1920 2398 2035 2445 tum
2092 2391 2236 2464 quod
2288 2389 2400 2445 Cat.
2448 2394 2533 2451 57,
2574 2396 2602 2448 l
2649 2387 2729 2444 uti
2769 2386 2863 2441 ille

736 2492 1100 2561 pistoriosem
1144 2490 1377 2545 exhibet.

636 2597 687 2649 4.
742 2585 827 2653 P3,
867 2590 1038 2646 PariS.
1084 2598 1237 2653 6095,
1284 2591 1350 2648 de
1394 2608 1502 2663 quo
1549 2590 1690 2646 infra
1730 2599 1764 2661 6
1807 2592 1966 2667 plura
2007 2594 2234 2649 dicenda
2279 2601 2424 2649 suut.

638 2702 689 2751 5.
745 2686 832 2756 P4‚
876 2693 1047 2747 Paris.
1090 2697 1257 2754 5748,
1318 2692 1373 2747 in
1424 2708 1534 2765 quo
1594 2710 1730 2765 quae
1767 2693 1881 2767 lug.
1929 2704 2047 2758 103,
2091 2702 2124 2753 2
2175 2724 2249 2735 —
2297 2702 2411 2757 112,
2457 2701 2493 2754 3
2532 2693 2747 2756 omissa,
2789 2691 2863 2748 ‘ab

746 2795 932 2851 eadem
970 2811 1131 2851 manu
1165 2794 1231 2849 ad
1266 2793 1428 2849 finem
1472 2794 1627 2857 libri,
1675 2803 1758 2851 set
1800 2795 1916 2851 sine
1961 2797 2163 2870 glossm
2209 2806 2265 2852 et
2307 2796 2475 2871 paulo
2517 2795 2733 2851 divorsa
2774 2812 2865 2850 or-

745 2896 1072 2971 thographia
1128 2895 1379 2971 subpleta
1430 2904 1560 2952 sunt
1615 2895 1804 2970 (quare
1845 2900 1968 2955 c'um
2024 2900 2075 2954 id
2133 2898 2570 2972 subplementum
2631 2914 2695 2953 ex
2752 2895 2863 2953 alio

745 3000 888 3057 libro
942 3016 1101 3073 quam
1147 2998 1349 3055 relicua
1390 2999 1644 3056 haustum
1707 3017 1826 3056 esse
1871 3002 2235 3057 manufestum
2287 3002 2386 3064 sit,
2441 2994 2505 3074 p4
2563 2999 2689 3055 libri
2746 3016 2864 3055 eam

746 3110 957 3177 partem
988 3101 1208 3176 notavi).
1278 3101 1530 3159 Ceterum
1580 3121 1702 3159 cum
1745 3103 1944 3159 multas
1986 3102 2217 3175 glossaS,
2265 3102 2426 3159 simul
2473 3102 2716 3158 ordinem
2746 3119 2866 3157 ver-

744 3205 939 3261 borum
984 3203 1169 3260 multis
1206 3203 1343 3261 locis
1389 3205 1714 3261 inmutatum
1753 3205 2020 3268 exhibeat,
2062 3222 2174 3260 non
2207 3205 2428 3261 dubium
2467 3205 2694 3265 videtur,
2731 3204 2864 3276 quin

746 3308 1041 3363 secundum
1082 3307 1322 3363 codicem
1355 3315 1606 3363 exaratus
1650 3306 1738 3370 sit,
1789 3308 1881 3381 qui
1923 3308 1989 3363 ad
2031 3310 2248 3381 captum
2279 3306 2670 3381 discipulorum
2715 3306 2869 3361 adiu-

746 3409 978 3463 vandum
1022 3408 1305 3463 institutus
1348 3416 1404 3463 et
1443 3410 1618 3465 sactus
1651 3416 1798 3465 esset
1830 3402 1892 3483 ¹).

678 3552 691 3563 .
746 3509 802 3572 Β,
846 3508 1192 3571 Basileensis‚
1240 3525 1383 3564 nunc
1410 3511 1471 3563 Ἀ
1507 3510 1569 3563 Ν.
1614 3510 1708 3564 Ν.
1762 3518 1819 3568 ll
1867 3511 2128 3584 signatus.
2217 3509 2384 3577 Quem
2433 3510 2687 3583 quoniam
2735 3508 2868 3563 Ger-

749 3610 956 3667 lachius
982 3610 1299 3685 descripsit,
1346 3609 1505 3685 plura
1548 3610 1728 3667 dicere
1759 3613 2089 3687 supersedeo
2113 3606 2177 3686 ²).
2256 3597 2541 3668 Consentit
2578 3612 2709 3666 haut
2739 3628 2867 3665 raro

748 3732 871 3770 cum
911 3706 1135 3777 PP¹P²,·
1162 3720 1247 3769 set
1290 3729 1411 3769 cum
1451 3704 1524 3767 p3
1567 3713 1668 3777 ita,
1697 3700 1802 3771 ‘uti
1854 3723 2148 3791 utrumque
2203 3733 2268 3771 ex
2323 3714 2514 3771 eodem
2567 3714 2866 3787 archetypo

650 3914 699 3978 1)
726 3913 987 3963 Eiusdem
1010 3913 1231 3978 generis
1246 3928 1366 3962 esse
1381 3912 1695 3963 Parisinum
1748 3930 1872 3963 men
1897 3915 1962 3965 de
1998 3915 2184 3965 multis
2212 3915 2352 3965 locis
2380 3912 2741 3964 dubitandum
2781 3928 2864 3963 es-

578 3998 715 4049 5750
736 4000 961 4049 membr.
993 4014 1143 4049 saec.
1170 3998 1297 4060 XII,
1320 3998 1522 4047 multas
1549 3998 1696 4063 glos·-
1746 4004 1851 4063 set,
1890 3999 2150 4049 Rothium
2185 4016 2284 4065 per
2306 4000 2523 4050 litteras
2575 3998 2708 4061 adii,
2750 3999 2860 4062 qui,

578 4100 671 4135 sas
695 4085 1031 4150 marginales
1057 4088 1113 4134 et
1128 4084 1517 4134 interlineares
1567 4100 1695 4133 con·
1748 4099 1858 4148 qua
1905 4088 1990 4133 es‘t
2039 4084 2243 4133 eximia
2279 4084 2662 4149 benignitate,
2703 4082 2862 4155 <zodi-

576 4170 876 4232 tinentem,
914 4185 1015 4234 per
1036 4168 1412 4219 Hunzikerum
1438 4169 1695 4233 cognovi.
1748 4184 1868 4217 cem
1915 4169 2167 4219 omnibus
2215 4170 2296 4219 eis
2333 4169 2502 4231 locis,
2553 4182 2688 4232 quos
2723 4168 2866 4217 indi-

644 4254 697 4317 2)
736 4252 900 4317 Cum,
951 4255 1198 4318 quamvis
1237 4252 1566 4303 Gerlachius
1613 4258 1699 4302 ter
1747 4268 2023 4316 caveram,
2061 4254 2242 4304 denuo
2277 4255 2520 4323 inspexit
2545 4268 2864 4317 summaque

579 4338 698 4389 eius
718 4339 928 4388 codicis
951 4339 1254 4403 scripturas
1281 4343 1585 4401 enotasset,
1612 4342 1694 4389 ta·
1745 4338 2042 4403 diligentia
2065 4340 2196 4403 quid
2215 4338 2502 4389 exhiberet
2519 4337 2862 4403 perscripsit.
