3042 4917
891 289 1499 336 conunmxmonuu
1545 288 1689 333 0111».
1736 289 1822 335 1v.
2423 267 2504 334 85

1144 363 1167 388 2

204 445 367 506 ricos
404 463 513 504 non
556 445 1027 520 concoquentibus
1066 447 1355 511 adiectum,
1392 464 1462 504 au
1500 463 1568 504 ex
1609 446 1830 504 duobus
1861 452 2192 520 conruptum
2221 444 2309 502 sit.
2371 443 2502 502 Nam

205 567 319 623 per
366 566 427 606 se
457 548 594 604 nihil
626 548 825 612 obstat,
869 566 979 624 quo
1008 548 1185 606 minus
1227 549 1521 612 Metellum,
1561 557 1853 624 postquam
1895 547 2108 606 moenia
2149 546 2288 604 vallo
2329 547 2502 604 fossa-

208 668 327 725 que
368 651 739 714 circumvenit,
783 650 997 708 duobus
1038 668 1148 708 non
1197 651 1447 726 pluribus
1504 650 1666 708 simul
1721 649 1858 708 locis
1913 667 2125 706 murum
2181 650 2502 723 adgressum

206 769 341 810 esse
377 759 697 809 statuamus.
778 751 871 808 Set
906 770 1029 810 cum
1070 769 1208 826 quae
1256 753 1397 810 infra
1437 752 1702 826 leguntur
1742 769 1969 808 murum
2013 743 2292 810 arietibus
2324 750 2506 823 feriri

206 854 353 910 satis
382 853 671 928 perspicue
702 855 993 912 ostendant
1020 854 1209 912 multis
1232 855 1470 928 undique
1504 854 1641 912 locis
1675 855 1947 912 Romanos
1983 871 2197 910 murum
2235 852 2500 910 subruere

204 963 449 1013 conatos
484 973 624 1019 esse,
672 956 785 1012 veri
825 955 1175 1012 simillumum
1221 957 1449 1020 videtur,
1496 958 1718 1014 duobus
1765 975 1830 1014 ex
1869 956 2022 1012 iubet
2063 955 2131 1012 ab
2177 954 2256 1012 eis
2297 954 2498 1010 factum

206 1074 357 1119 esse,
398 1057 493 1130 qui
538 1057 591 1112 id
637 1057 857 1114 verbum
896 1066 1088 1115 contra
1130 1059 1578 1116 consuetudinem
1625 1057 1834 1115 dicendi
1891 1066 1948 1114 et
1990 1056 2070 1113 rei
2127 1064 2375 1114 naturam
2418 1054 2499 1112 di-

206 1166 367 1216 ctum
398 1157 813 1216 intellexissent.
896 1161 967 1215 At
1013 1167 1125 1216 tum
1169 1161 1222 1215 in
1264 1160 1514 1218 omnibus
1543 1159 1698 1216 libris
1727 1167 2039 1233 ‘sequuntur
2067 1159 2260 1216 hacce:
2301 1160 2499 1214 vineas

203 1275 509 1332 superque
554 1275 657 1317 eas
699 1277 965 1334 ayyerem
1006 1264 1227 1330 iacere,
1272 1263 1328 1318 in
1373 1262 1570 1336 quibus
1610 1277 1900 1334 superaque
1945 1277 2047 1318 eas
2087 1259 2227 1317 male
2269 1259 2496 1316 inlatum

206 1379 339 1418 esse
383 1379 573 1418 omnes
615 1371 839 1420 nostrae
891 1365 1087 1422 aetatis
1124 1365 1363 1421 editores
1406 1363 1658 1422 arbitrati
1709 1371 1838 1420 sunt
1888 1371 2108 1438 praeter
2147 1362 2493 1434 llerzogium,

208 1462 309 1537 qui
354 1481 475 1520 cum
513 1479 691 1534 super
730 1462 903 1522 locale
959 1465 1199 1541 ineptum
1240 1483 1363 1524 esse
1404 1465 1790 1530 intellexisset,
1813 1477 1820 1484 ·
1837 1483 1938 1540 pro
1987 1470 2233 1538 praeter
2291 1463 2496 1519 dictum

207 1565 453 1638 putavit,
504 1563 646 1622 conl.
694 1566 815 1622 Tac.
861 1565 929 1624 ab
976 1583 1088 1624 exc.
1138 1567 1189 1624 d.
1230 1568 1292 1622 A.
1328 1567 1395 1624 111
1428 1575 1497 1630 63
1549 1570 1812 1625 consules
1864 1583 2042 1640 super
2089 1582 2190 1622 eas
2240 1567 2496 1622 civitates

206 1681 363 1738 quas
398 1668 736 1734 memoravi,
789 1675 933 1740 aput
973 1670 1323 1742 Peryamum
1364 1670 1697 1742 Aesculapii
1745 1659 2082 1744 conpertum
2135 1670 2356 1742 asylum
2402 1682 2494 1722 re-

204 1769 488 1837 tulerunt,
532 1769 587 1825 id
632 1770 779 1842 quod
820 1770 1047 1844 probari
1080 1770 1287 1846 nequit,
1334 1772 1592 1845 quoniam
1623 1772 1672 1828 is
1701 1791 1832 1828 usus
1863 1770 2286 1845 praepositionis
2315 1784 2496 1844 super

205 1870 585 1943 posteriorum
619 1873 833 1928 tantuin
876 1873 1207 1947 scriptorum
1254 1880 1311 1929 et
1352 1878 1636 1947 poetarum
1683 1873 1890 1930 videtur
1932 1872 2131 1934 fuisse,
2177 1872 2318 1946 apud
2365 1870 2492 1926 Sall.

204 1978 361 2028 certe
402 1971 615 2028 nullum
660 1972 963 2048 exemplum
1012 1982 1124 2037 est,
1180 1973 1461 2048 multoque
1506 1975 1680 2048 magis
1721 1975 1864 2049 quod
1919 1991 1986 2030 eo
2023 1973 2206 2029 addito
2249 1972 2491 2028 narratio

202 2072 465 2145 languida
490 2091 589 2154 ,ac-
612 2074 799 2149 putida
858 2075 1029 2133 fieret.
1118 2076 1253 2133 Tum
1292 2083 1347 2132 et
1388 2095 1509 2134 cum
1552 2077 1606 2132 in
1643 2070 1712 2132 Ρ1
1774 2083 1998 2150 optumo
2051 2072 2196 2130 libro
2249 2072 2392 2130 desit
2435 2079 2494 2128 et

208 2175 393 2231 oratio
440 2175 717 2250 tripartita
762 2184 985 2251 optume
1026 2178 1187 2235 huius
1233 2178 1343 2235 loci
1379 2177 1554 2236 colori
1593 2177 1905 2239 conveniat,
1967 2176 2323 2253 omittendum
2366 2175 2488 2231 erit.

206 2275 366 2343 Quod
396 2276 443 2334 si
477 2276 899 2351 conprobaveris
947 2273 1400 2354 quin‘ayqerem,
1442 2280 1588 2354 quod
1620 2279 1887 2336 Linkerus
1923 2279 2080 2335 uncis
2124 2276 2361 2340 inclusit,
2405 2294 2490 2332 re-

209 2378 492 2434 tinendum
530 2379 602 2435 sit
646 2379 823 2436 minus
866 2380 1169 2446 dubitabis,
1223 2381 1547 2456 praesertim
1593 2399 1716 2438 cum
1759 2398 1934 2455 neque
1990 2381 2046 2436 in
2089 2378 2358 2436 sententia
2395 2396 2490 2435 ne·

206 2497 317 2552 que
361 2478 417 2535 in
459 2478 613 2536 libris
660 2481 949 2555 quidquam
988 2483 1076 2544 sit,
1114 2483 1261 2557 quod
1304 2483 1622 2557 suspectum
1655 2484 1860 2540 reddat.

382 2580 513 2637 Cum
557 2590 665 2638 tam
701 2600 865 2657 saepe
892 2583 1129 2640 Linkero
1161 2585 1449 2642 oblocutus
1482 2585 1602 2647 sim,
1648 2593 1709 2641 ut
1747 2603 1921 2660 paene
1957 2601 2159 2647 verear,
2202 2602 2269 2641 ne
2306 2584 2487 2640 studio

207 2683 443 2757 quodam
488 2683 605 2740 eius
652 2685 951 2742 sententias
996 2686 1298 2760 inpugnare
1356 2687 1566 2750 videar,
1620 2665 2014 2762 gaudeo'quod
2057 2686 2188 2742 mihi
2243 2705 2366 2742 cum
2421 2702 2488 2742 00

204 2785 461 2842 convenit
515 2785 627 2858 lug.
679 2791 745 2847 77
766 2829 780 2850 .
827 2793 861 2846 2
913 2787 1062 2843 Nam
1106 2789 1397 2858 Leptitani
1454 2790 1570 2844 iam
1620 2791 1751 2846 inde
1813 2806 1848 2843 a
1889 2791 2180 2861 principio
2223 2791 2353 2845 belli
2387 2787 2488 2845 Iu-

200 2887 467 2960 gurthini
506 2889 585 2943 ad
623 2889 882 2944 Bestiam
924 2891 1214 2946 consulem
1256 2896 1312 2946 et
1341 2896 1550 2963 postea
1581 2891 1823 2946 Romam
1867 2893 2144 2947 miserant
2179 2892 2488 2947 amicitiam

202 2991 645 3062 societatemque
671 2997 937 3063 royatum
968 2991 1285 3054 vocabulum
1320 2993 1656 3065 Iuyurthini
1684 3010 1748 3049 ex
1775 2991 1961 3074 glossa
1989 2993 2225 3050 fluxisse.
2294 2991 2487 3059 Quam-

205 3107 369 3163 quam
410 3091 551 3146 enim
598 3093 655 3147 111
699 3091 857 3148 libris
896 3111 1057 3150 manu
1104 3095 1323 3168 scriptis
1372 3112 1483 3150 non
1547 3100 1694 3150 tanta
1721 3073 1960 3150 ⁸varietas
2002 3104 2114 3158 est,
2173 3102 2236 3150 ut
2277 3095 2486 3168 glosse-

203 3191 365 3248 matis
408 3192 647 3266 suspicio
692 3211 888 3268 magno
944 3212 1111 3269 opere
1154 3196 1534 3258 confirmetur,
1594 3203 1772 3252 tamen
1825 3197 1970 3269 quod
2025 3194 2226 3254 bellum
2273 3197 2488 3255 intelle·

204 3294 445 3366 gundum
506 3295 606 3358 sit,
666 3295 743 3350 ita
789 3296 1077 3371 perspicue
1122 3296 1340 3354 relicuis
1386 3297 1746 3370 significatum
1793 3306 1906 3362 est,
1954 3305 2016 3355 ut
2069 3299 2122 3356 id
2176 3299 2484 3373 glossatore

204 3395 389 3470 potius
434 3413 595 3470 quam
638 3397 908 3470 scriptore
946 3399 1221 3472 superflua
1268 3407 1321 3455 et
1362 3399 1551 3473 putida
1593 3399 1840 3473 fugiente
1882 3400 2104 3474 dignum
2154 3403 2242 3459 sit.

373 3497 487 3572 lug.
532 3503 629 3562 79,
680 3506 707 3556 1
763 3477 890 3554 eam
934 3515 1055 3554 rem
1112 3516 1215 3557 nos
1260 3503 1419 3558 locus
1470 3504 1766 3560 admonuit
1818 3503 2003 3559 Curtio
2059 3506 2337 3563 adsentior
2383 3525 2488 3566 nos

202 3598 509 3656 eiciundum
538 3617 673 3661 esse,
713 3618 825 3657 non
856 3618 965 3675 quo
998 3609 1146 3658 recte
1174 3602 1377 3660 dictum
1413 3622 1534 3660 esse
1565 3623 1776 3679 negem,
1811 3613 1894 3662 set
1934 3607 2059 3679 quia
2090 3608 2320 3666 varietas
2354 3611 2486 3668 scri-

201 3709 395 3774 pturae
422 3700 731 3757 luculenter
763 3719 827 3758 ex
870 3703 1112 3776 margine
1160 3711 1252 3761 aut
1288 3704 1626 3764 interlineari
1672 3707 1850 3782 spatio
1897 3709 1950 3764 in
1993 3709 2154 3766 verba
2197 3712 2486 3785 scriptoris

200 3795 497 3876 inrepsisse
531 3803 787 3859 ostendit.
845 3804 917 3861 De
944 3819 1069 3860 eam
1097 3821 1221 3861 rem
1258 3824 1399 3866 nunc
1421 3808 1520 3864 cfr.
1550 3809 1746 3866 Mfiller
1768 3808 1964 3866 Philol.
1991 3809 2056 3865 lx
2089 3830 2141 3885 p.
2181 3819 2279 3872 621
2309 3830 2360 3867 n.
2405 3820 2482 3874 16.

372 3904 490 3978 lug.
529 3910 615 3967 85,
667 3913 733 3963 10
771 3905 1052 3962 hominem
1092 3910 1297 3965 veteris
1328 3913 1646 3983 prosapiae
1697 3929 1769 3969 ac
1827 3913 2140 3969 multarum
2176 3915 2486 3986 imayinum

200 4011 253 4061 et
298 4006 513 4062 nullius
560 4009 811 4077 stipendi
864 4027 993 4066 sane
1048 4018 1361 4085 suspectum
1415 4020 1499 4069 est
1554 4029 1652 4081 ac,
1702 4014 1954 4087 quoniam
2008 4007 2146 4087 233²
2203 4014 2482 4079 omittunt,

203 4100 381 4164 P²P³B
424 4114 527 4164 aut
571 4108 842 4166 exhibent.
936 4113 1005 4168 At
1060 4113 1359 4186 asyndeton
1411 4113 1543 4170 ferri
1580 4096 1666 4168 (rix
1706 4121 1920 4188 potest,
1979 4113 2233 4189 quoniam
2286 4116 2486 4191 priori-

210 4210 309 4266 bus
366 4209 583 4265 duobus
635 4211 860 4268 tertium
918 4214 1250 4270 contrarium
1304 4219 1359 4270 et
1412 4217 1628 4271 nullius
1683 4218 1930 4289 stipendi
1982 4217 2313 4291 adiungitur.
2409 4221 2487 4277 Ac

200 4309 357 4368 facile
390 4309 591 4387 aliquis
624 4311 681 4366 in
704 4330 821 4372 eam
855 4314 1169 4393 opinionem
1195 4316 1509 4382 adducatur,
1541 4326 1604 4374 ut
1633 4321 1841 4376 veteris
1860 4322 2182 4394 prosapiae
2212 4320 2487 4398 glossema
