3042 4917
932 293 1544 342 connnnu‘nonuu
1591 295 1736 340 cAr.
1783 295 1840 342 v.
2415 275 2528 340 111

220 455 399 530 facto
442 472 572 512 cum
616 454 745 512 telis
800 455 880 512 ad
930 469 1057 510 sese
1108 455 1534 526 inrumperent,
1590 452 1686 510 ubi
1736 447 1881 510 item'
1923 469 2110 510 omnes
2160 450 2286 510 libri
2341 461 2533 510 autem

230 566 487 616 tuentur.
562 558 659 613 Set
698 557 935 631 primum
980 557 1241 612 advorsus
1294 573 1413 612 eam
1452 555 1820 630 suspicionem
1855 556 1959 612 hoe
1992 555 2384 612 dubitationem
2413 573 2530 612 mo-

228 671 357 724 vet,
418 661 562 734 quod
616 661 749 716 item
798 675 1011 734 semper
1057 659 1115 714 in
1156 657 1429 732 principio
1472 658 1700 714 membri
1743 657 1997 732 ponitur,
2053 658 2160 713 nisi
2213 657 2306 714 ubi
2351 656 2531 731 aliqua

232 763 399 819 notio
452 761 741 818 ecferunda
782 769 883 825 est,
925 760 1077 818 velut
1112 758 1223 814 Cat.
1264 765 1347 822 17,
1392 765 1425 820 7
1466 758 1642 831 fuere
1682 761 1814 816 item
1853 757 1998 832 (coll.
2035 767 2118 822 61,
2147 758 2222 832 8),
2269 766 2352 822 18,
2386 769 2412 820 1
2445 766 2534 816 set

234 872 416 921 antea
457 867 590 920 item
634 865 1015 920 coniuravere
1048 863 1249 934 pauci,
1292 860 1404 916 Cat.
1450 869 1536 924 51,
1579 867 1648 920 22
1681 880 1757 917 an
1789 865 1926 934 quia
1970 865 2071 918 lex
2101 863 2316 918 Porcia
2347 868 2534 918 vetat?

235 973 303 1023 at
348 969 500 1022 aliae
536 967 687 1038 leyes
731 967 863 1022 item
910 965 1305 1022 condemnatis
1354 964 1574 1020 civibus
1615 995 1693 1004 —
1737 966 1978 1020 exilium
2023 965 2284 1037 permitti
2319 963 2529 1030 iubent,

232 1069 355 1141 lug.
398 1075 483 1130 31,
530 1073 561 1128 7
598 1072 731 1138 post
768 1068 833 1124 G.
882 1067 1137 1125 Gracchi
1186 1071 1243 1122 et
1296 1065 1378 1121 M.
1425 1066 1601 1122 Fulvi
1645 1068 1879 1122 caedem
1921 1069 2054 1124 item
2091 1067 2270 1123 vostri
2313 1066 2532 1122 ordinis

234 1172 409 1226 multi
446 1172 723 1226 mortales
760 1201 843 1212 --
878 1171 1069 1226 necati
1106 1173 1259 1239 sunt,
1300 1167 1385 1224 vel
1414 1175 1546 1241 post
1589 1166 1874 1224 relativum
1903 1168 2016 1224 Cat.
2049 1176 2135 1230 51,
2167 1173 2236 1228 36
2271 1169 2368 1222 cui
2398 1169 2530 1222 item

232 1274 537 1328 exercitus
579 1274 642 1327 in
685 1288 861 1328 manu
898 1273 1000 1334 sit,
1057 1270 1173 1344 Iug.
1219 1275 1315 1332 47,
1360 1274 1397 1330 4
1438 1273 1582 1342 quos
1620 1271 1752 1326 item
1809 1273 1896 1328 uti
1931 1271 2163 1341 priores
2203 1269 2404 1325 consul
2443 1271 2530 1324 in-

234 1377 419 1430 lectos
458 1376 536 1431 ad
563 1375 948 1446 proditionem
992 1375 1220 1430 domum
1263 1373 1598 1429 dimittebat.
1687 1370 1796 1428 Iam
1850 1371 2038 1446 priore
2075 1370 2171 1428 illo
2216 1369 2340 1427 loco
2377 1369 2530 1426 nulla

234 1495 471 1552 prorsus
512 1494 703 1533 caussa
744 1483 829 1531 est
872 1493 973 1533 cur
1002 1477 1155 1532 alius
1189 1492 1417 1532 numero
1462 1474 1750 1536 ecferatur,
1797 1490 1920 1530 cum
1953 1472 2114 1530 etiam
2150 1472 2270 1530 aliis
2311 1481 2531 1546 praeter

236 1578 556 1636 Ciceronem
596 1578 819 1635 insidias
864 1585 1101 1632 structas
1145 1577 1318 1633 fuisse
1348 1573 1530 1634 verbis
1557 1575 2009 1650 praecedentibus
2038 1581 2370 1646 ceterosque
2405 1577 2529 1646 qui-

237 1682 348 1737 bus
392 1682 641 1737 insidiae
682 1680 1053 1752 parabantur
1095 1678 1389 1734 indicatum
1456 1678 1531 1734 sit
1585 1686 1644 1734 et
1694 1696 1794 1753 per
1839 1695 1897 1734 se
1937 1678 2196 1752 adpareat
2233 1677 2530 1750 Cethegum

236 1781 519 1839 Ciceronis
547 1781 760 1838 ianuam
792 1781 1042 1838 obsidere
1066 1780 1231 1836 simul
1269 1787 1327 1837 et
1365 1779 1485 1836 aliis
1527 1781 1745 1837 caedem
1790 1780 2072 1836 intendere
2104 1797 2216 1836 non
2259 1780 2525 1854 potuisse.

238 1883 359 1952 Qua
408 1901 469 1940 re
517 1883 835 1940 Sallustium
891 1890 1045 1940 certo
1102 1883 1267 1940 credo
1326 1884 1662 1958 scripturum
1702 1882 1873 1938 fuisse
1919 1899 2030 1938 non
2065 1880 2224 1937 aliter
2267 1898 2427 1965 fluam
2471 1881 2528 1938 in

236 1985 365 2066 loco
411 1985 707 2043 simillumo
766 1985 879 2040 Cat.
914 1991 1013 2048 27,
1054 1990 1091 2044 4
1138 2000 1199 2040 se
1240 1984 1521 2042 Manlium
1559 1986 1935 2057 praemisisse
1987 1986 2067 2040 ad
2108 1999 2233 2039 eam
2277 1985 2528 2039 multitu-

237 2089 432 2143 dinem
477 2118 562 2129 —-
602 2089 736 2143 item
780 2089 927 2144 alios
976 2089 1038 2143 in
1092 2089 1209 2144 alia
1270 2088 1416 2148 loca.
1453 2093 1760 2159 oportuna.
1848 2086 2052 2143 Autem
2104 2102 2231 2142 vero
2287 2102 2410 2142 cum
2455 2085 2531 2142 ihi

240 2197 501 2265 ponatur,
546 2189 640 2245 ubi
683 2190 829 2263 quod
876 2206 990 2245 rem
1028 2187 1281 2264 conpleat
1314 2189 1547 2246 adicitur
1593 2186 1715 2260 (vid.
1760 2205 1897 2262 quae
1935 2187 2064 2243 olim
2105 2186 2172 2243 ad
2202 2186 2316 2260 lug.
2345 2205 2400 2262 p.
2427 2193 2532 2248 239

241 2290 538 2366 disputavi)
582 2309 649 2348 eo
693 2290 819 2366 loco
862 2291 1221 2364 aptissumum
1266 2299 1368 2347 est.
1452 2289 1642 2347 Altero
1685 2307 1855 2366 porro
1897 2289 2020 2346 loco
2065 2288 2288 2362 Cethegi
2330 2304 2528 2344 nomen

240 2394 597 2450 ecferundum
642 2393 809 2449 fuisse
854 2410 1016 2449 nemo
1060 2392 1309 2466 negabit,
1370 2399 1427 2447 at
1469 2409 1570 2467 per
1613 2394 1746 2448 item
1803 2391 1999 2448 ecferri
2059 2408 2128 2447 ne
2181 2391 2364 2467 potuit
2409 2390 2528 2464 qui-

238 2497 381 2558 dem,
429 2496 883 2570 quoniamsquae
928 2495 973 2551 is
1018 2495 1137 2569 ipse
1176 2494 1431 2557 instituit,
1477 2511 1590 2550 non
1631 2494 1818 2550 eadem
1861 2495 2030 2557 fuere,
2078 2509 2215 2567 quae
2260 2509 2364 2567 pro
2393 2492 2529 2549 Len-

242 2596 365 2654 tulo
412 2596 505 2652 alii
549 2597 745 2654 secere.
835 2598 914 2653 Ad
958 2597 1103 2654 hunc
1147 2615 1247 2671 per
1286 2596 1610 2653 seditionem
1641 2596 1986 2670 eripiundum
2016 2595 2174 2652 amici
2212 2603 2268 2651 et
2297 2593 2526 2651 clientes

239 2716 341 2756 sua
385 2707 612 2774 sponte,
658 2699 873 2756 iniussu
915 2699 1093 2762 illius,
1152 2699 1325 2756 adnisi
1368 2705 1529 2761 sunt,
1585 2698 1678 2755 ille
1733 2699 1852 2773 ipse
1897 2698 1962 2755 ad
2015 2716 2146 2755 suos
2197 2696 2527 2771 gladiatores

237 2801 408 2857 misit.
499 2799 638 2868 Quid
681 2801 847 2857 vero?
922 2801 1055 2858 Cum
1086 2801 1214 2857 novi
1259 2800 1461 2875 aliquid
1500 2801 1758 2874 quodque
1797 2800 1959 2857 simul
1995 2799 2166 2856 maius
2211 2807 2266 2856 et
2309 2799 2527 2872 gravius

238 2904 330 2966 sit,
376 2903 445 2959 ad
488 2902 631 2959 idem
673 2902 973 2977 pertinens,
1019 2903 1181 2959 adiun
1223 2911 1364 2965 atur,
1408 2919 1592 2959 nonne
1636 2909 1827 2959 autem
1871 2909 2058 2977 aptum
2101 2901 2222 2958 est?

413 3002 525 3059 Cat.
563 3010 663 3074 47,
705 3010 741 3062 2
776 3004 843 3060 de
881 2921 1240 3078 Allobrogufii
1282 3005 1483 3061 indicio
1529 3004 1692 3061 haece
1738 3003 2080 3060 reseruntur:
2136 3005 2335 3059 eadem
2378 3001 2532 3059 Galli

232 3105 511 3179 fatentur
552 3123 622 3162 ae
664 3107 965 3164 Lentulum
1007 3108 1459 3195 dissimulantem
1492 3111 1818 3180 coaryuunt
1856 3111 2096 3176 praeter
2135 3103 2360 3160 lilte‘ras
2401 3118 2525 3160 ser-

237 3209 531 3276 monibus·‚
582 3224 725 3280 quos
768 3209 863 3263 ille
918 3208 1131 3292 habere
1178 3163 1379 3266 solitus
1420 3215 1583 3266 erat.-
1637 3208 1716 3264 ex
1758 3207 1920 3263 libris
1950 3205 2242 3280 Sibyllinis
2284 3220 2524 3278 reynum

236 3311 463 3366 Romae
520 3310 703 3365 tribus
752 3309 1029 3366 Corneliis
1078 3313 1379 3383 portendi‚·
1430 3311 1670 3368 Cinnam
1724 3317 1896 3382 atque
1951 3309 2172 3366 Sullam
2215 3313 2418 3378 antea,
2463 3323 2526 3366 se

238 3413 473 3468 tertium
510 3425 633 3467 esse
668 3413 768 3467 cui
801 3410 993 3483 fatum
1030 3412 1191 3484 foret
1229 3415 1389 3470 urbis
1410 3416 1594 3486 potiri
1603 3437 1622 3469 .-
1668 3420 1986 3486 praeterea
2021 3412 2092 3467 ab
2133 3413 2364 3468 incenso
2419 3411 2526 3468 Ca-

231 3515 441 3586 pitolio
479 3513 640 3569 illum
680 3529 803 3570 esse
846 3516 1173 3586 viyesimum
1214 3533 1429 3572 annum
1447 3559 1461 3584 ,
1520 3533 1688 3589 quem
1731 3527 1906 3590 saepe
1949 3532 2028 3574 ex
2057 3525 2341 3596 prodiqiis
2387 3541 2525 3580 aru-

238 3616 431 3687 spices
474 3617 903 3687 respondissent
943 3617 1084 3673 bello
1128 3619 1283 3675 civili
1318 3626 1622 3677 cruentum
1662 3619 1813 3693 fore.
1903 3620 2050 3689 Quae
2077 3625 2122 3682 si
2146 3612 2525 3700 conparaveris

238 3733 364 3772 cum
402 3715 503 3779 eis,
550 3701 689 3790 q'uae
732 3717 837 3774 Cic.
874 3717 940 3774 ad
976 3718 1241 3793 populum
1282 3720 1418 3779 dixit
1460 3723 1516 3780 in
1561 3723 1673 3780 Cat.
1711 3723 1858 3786 1114,
1891 3732 1954 3786 9:
1995 3727 2297 3784 Lentulum
2336 3736 2524 3785 autem

236 3819 348 3875 sibi
384 3819 761 3889 confirmasse
806 3835 885 3876 eoe
918 3819 1066 3892 fatis
1108 3820 1397 3894 Sibyllinis
1450 3827 1897 3898 aruspicumque
1943 3832 2236 3901 responsis
2289 3845 2412 3886 esse
2464 3847 2526 3887 se

239 3921 401 3976 illum
444 3923 676 3976 tertium
717 3920 1058 3991 Cornelium,
1120 3926 1200 3980 ad
1242 3940 1409 3996 quem
1449 3942 1690 3998 reynum
1731 3925 1904 3986 buius
1944 3932 2104 3987 urbis
2140 3937 2311 4002 atque
2348 3933 2524 4004 impe-

240 4024 391 4078 rium
440 4025 749 4094 pervenire
798 4029 945 4080 esset
995 4040 1259 4086 necesse.-
1331 4027 1570 4084 Cinnam
1626 4036 1758 4086 ante
1816 4045 1878 4086 se
1939 4038 1995 4088 et
2040 4032 2258 4089 Sullam
2305 4033 2527 4106 fuisse,-

244 4121 598 4197 eun'demque
651 4126 871 4182 dixisse
918 4125 1165 4199 fatalem
1222 4130 1376 4186 hunc
1424 4147 1641 4199 annum
1707 4147 1832 4190 esse
1882 4135 1961 4189 ad
2011 4135 2302 4191 interitum
2356 4137 2528 4194 huius

242 4227 401 4283 urbis
440 4231 614 4298 atque
653 4229 908 4299 imperii,
962 4233 1063 4302 qui
1112 4238 1263 4288 esset
1295 4234 1548 4288 decimus
1595 4239 1728 4305 post
1775 4211 2058 4308 viryinum
2100 4239 2523 4309 absolutionem,

236 4335 367 4396 post
425 4329 695 4401 Capitolii
746 4337 937 4389 autem
990 4335 1372 4390 incensionem
1428 4336 1754 4404 vicesimus,
1809 4337 1866 4394 in
1913 4338 2078 4397 rebus
2131 4357 2241 4398 non
2296 4342 2526 4402 multum
