3042 4917
817 345 902 385 DE
947 345 1152 385 nunno
1201 345 1604 386 1vuva'rumo
1652 347 1705 386 c.
1748 337 1829 390 16.
1870 335 1955 389 17.
2402 323 2522 386 245

239 498 439 575 specie
497 515 670 574 quam
733 513 839 554 usu
895 496 1214 571 potiorem,
1286 515 1434 574 quae
1504 498 1841 573 portuosior
1896 503 1952 555 et
2007 496 2283 555 aedificiis
2340 499 2524 572 magis

239 605 524 670 exornata
574 605 715 664 erat,
763 596 1059 656 Adherbal
1104 598 1379 674 possedit.

137 707 213 764 17
416 700 532 759 Res
581 699 876 776 postulare
931 699 1157 758 videtur
1213 700 1442 759 Africae
1504 701 1679 759 situm
1736 701 1937 776 paucis
1986 717 2281 776 exponere
2323 706 2380 758 et
2425 718 2523 759 eas

168 817 198 863 2
236 803 450 878 gentiS,
501 801 850 879 quibuscum
897 799 1066 861 nohis
1119 800 1339 860 bellum
1386 808 1485 861 aut
1538 801 1785 860 amicitia
1831 802 1964 868 fuit,
2023 801 2341 877 adtingere.
2424 803 2525 860 Set

235 923 390 982 quae
437 902 562 962 loca
611 909 667 962 et
709 905 972 962 nationes
1019 901 1094 960 ob
1135 902 1390 962 calorem
1435 909 1535 962 aut
1572 905 1964 980 asperitatem,
2013 904 2151 962 item
2182 901 2572 964 solitudinem

235 1006 435 1065 minus
478 1004 845 1082 frequentata
885 1011 1050 1073 sunt,
1093 1005 1166 1064 de
1213 1006 1297 1064 eis
1347 1005 1489 1070 haut
1533 1003 1702 1063 facile
1749 1011 2095 1082 conpertum
2140 1005 2519 1072 narraverim,

235 1115 438 1166 cetera
488 1124 660 1183 quam
702 1107 1088 1182 paucissumis
1134 1105 1448 1165 absolvam.

162 1223 196 1274 3
413 1209 500 1284 In„
537 1209 814 1267 divisione
887 1206 1048 1266 orbis
1118 1215 1312 1267 terrae
1369 1207 1635 1285 plerique
1690 1208 1748 1267 in
1804 1214 1973 1284 parte
2036 1209 2205 1266 tertia
2268 1207 2523 1266 Africam

235 1327 529 1386 posuere,
577 1310 747 1386 pauci
793 1311 1200 1369 tantummodo
1245 1309 1438 1369 Asiam
1483 1317 1536 1370 et
1582 1309 1880 1386 Europam
1926 1327 2084 1378 esse,
2142 1315 2231 1368 set
2267 1309 2522 1368 Afric-am

161 1414 294 1472 —1in
355 1411 612 1490 Europa.
710 1409 792 1469 Ea
849 1411 980 1469 linis
1036 1411 1214 1470 habet
1265 1410 1337 1484 ab
1394 1396 1699 1471 occidente
1757 1411 1973 1471 fretum
2012 1413 2199 1471 nostri
2238 1412 2419 1470 maris
2464 1417 2590 1470 etio

235 1512 489 1581 Oceani,
547 1511 619 1572 ab
670 1519 802 1571 ortu
859 1510 996 1571 solis
1065 1512 1348 1573 declivem
1411 1513 1808 1581 latitudinem,
1868 1531 2041 1590 quem
2099 1513 2295 1572 locum
2355 1512 2520 1572 Cata-

160 1627 196 1674 5
235 1613 524 1674 bathmon
562 1614 787 1674 incolae
833 1613 1142 1691 adpellant.
1227 1615 1387 1675 Mare
1443 1633 1675 1678 saevom
1718 1617 2159 1692 inportuosum:
2216 1632 2357 1692 ager
2397 1614 2519 1697 fru-

233 1735 376 1794 gum
421 1715 644 1784 fertiliS,
687 1715 878 1775 honus
923 1717 1143 1793 pecori,
1191 1716 1408 1777 arbore
1451 1717 1831 1777 infecundus:
1881 1716 2044 1776 eaelo
2075 1723 2351 1794 terraque
2381 1733 2517 1793 pae-

406 1917 455 1966 6.
494 1920 678 1968 Prisc..
704 1919 804 1967 XV
838 1935 889 1983 p.
934 1916 1087 1968 1008:
1139 1920 1353 1969 Nomina
1399 1935 1593 1985 quoque
1634 1935 1735 1983 pro
1783 1919 2035 1969 adverbiis
2080 1922 2131 1968 in
2168 1935 2194 1968 e
2230 1926 2521 1982 correptam

229 1990 522 2036 desinentia
557 1990 841 2044 invenimus,
879 1993 932 2034 ut
958 1985 1226 2036 Sallustius
1263 1995 1314 2036 in
1351 1988 1681 2052 Iuyurthino:
1720 1993 1946 2037 caetera
1982 1987 2132 2036 haud
2168 1987 2337 2036 facile
2376 2003 2519 2035 com-

227 2059 396 2120 perta
421 2056 776 2104 narraverim.

405 2137 454 2187 8.
503 2138 730 2204 August.
778 2138 829 2186 d.
882 2138 986 2187 civ.
1026 2139 1144 2209 'Dei
1180 2140 1306 2188 XVI
1358 2139 1444 2187 17:
1495 2141 1628 2189 Asia
1660 2166 1727 2174 —-
1775 2156 1919 2204 quam
1965 2141 2164 2204 quidam
2207 2141 2259 2188 in
2306 2143 2518 2188 alteram

227 2210 471 2265 duarum,
517 2209 748 2271 plerique
797 2213 960 2254 autem
1007 2212 1058 2256 in
1107 2210 1308 2257 tertiam
1343 2213 1498 2257 totius
1544 2207 1683 2257 orbis
1723 2207 1927 2271 partem
1965 2213 2269 2270 posuerunt,
2320 2214 2373 2256 ut
2416 2210 2519 2256 sint

225 2292 403 2326 omnes
439 2275 571 2324 Asia
606 2272 822 2338 Europa
855 2275 1146 2338 etAs'riea.

377 2359 455 2406 12.
493 2360 681 2408 Front.
713 2359 796 2408 ed.
825 2359 956 2407 Mai.
985 2359 1136 2408 Rom.
1173 2377 1225 2424 p.
1257 2358 1377 2410 163:
1418 2361 1496 2408 Ne
1535 2361 1652 2424 agri
1685 2361 1881 2425 quidem
1911 2361 2083 2422 forma
2112 2362 2513 2423 praetereunda.

142 2441 153 2444 ·
224 2430 389 2476 Mare
427 2443 651 2476 saevum
688 2427 1106 2491 inportuosum:
1154 2443 1286 2492 ager
1333 2429 1550 2492 frugum
1588 2428 1818 2487 fertilis,
1870 2429 2042 2477 bonus
2079 2429 2293 2492 pecori,
2334 2429 2519 2477 arbori

225 2495 591 2544 infecundus:
633 2495 788 2544 caelo
827 2500 1080 2558 terraque
1106 2497 1376 2558 paenuria
1415 2511 1697 2560 aquarum.
1773 2495 1957 2545 Genus
1993 2496 2270 2545 hominum
2308 2496 2518 2546 salubri

182 2561 189 2567 ’
227 2579 491 2627 corpore,
532 2563 719 2623 velox,
759 2564 978 2626 patiens
1015 2562 1238 2612 laboris.
1313 2565 1428 2612 Nee
1467 2563 1757 2628 plerosque
1796 2568 2053 2613 senectus
2090 2564 2369 2626 dissolvit,
2410 2565 2519 2613 nisi

226 2631 326 2695 qui
375 2631 520 2678 ferro
571 2635 665 2679 aut
706 2629 905 2680 'bestiis
952 2631 1230 2680 interiere.
1311 2633 1450 2680 Nam
1505 2632 1725 2681 morbus
1786 2631 1931 2680 haud
1977 2648 2145 2696 saepe
2194 2648 2517 2696 quemquam

224 2703 477 2763 superat.
551 2697 702 2746 Serv.
741 2698 810 2746 ad
846 2699 1009 2762 Verg.
1047 2698 1182 2746 Aen.
1221 2699 1248 2746 I
1283 2698 1406 2748 6162:
1445 2700 1733 2749 immanibus
1768 2697 1904 2764 oris]
1939 2707 1993 2747 ut
2030 2700 2325 2750 Sallustius:
2362 2703 2517 2749 Mare

225 2782 461 2816 saevum
497 2764 560 2830 [i.
599 2762 676 2829 e.]
711 2766 1118 2829 importuosum.
2330 2755 2352 2774 “

287 2883 298 2904 .
375 2850 452 2898 12.
492 2850 650 2898 Arus.
688 2867 738 2914 p.
779 2849 880 2899 230
929 2853 1270 2899 seeundum
1317 2853 1608 2900 codicem
1658 2854 1805 2902 Gud.
1886 2853 2067 2902 Feraoe
2102 2857 2184 2902 illo
2224 2879 2286 2886 -—
2324 2854 2513 2902 Salus-t.

223 2919 515 2983 Iuyurcha:
555 2918 746 2966 arbore
786 2918 1168 2967 infoecundus.
1242 2920 1448 2967 Fertilis
1483 2920 1655 2969 huius:
1696 2936 1830 2985 ager
1866 2920 2105 2983 frugium
2142 2921 2361 2969 fertilis.

377 3001 457 3052 13.
497 3001 647 3050 Curt.
685 3001 752 3050 de
791 3003 904 3051 reb.
945 3007 1084 3066 gest.
1120 3003 1275 3052 Alex.
1316 3003 1392 3051 lv
1429 3002 1475 3064 7,
1517 3001 1574 3052 6:
1622 3011 1769 3053 terra
1804 3009 2040 3069 coeloque
2085 3021 2327 3068 aquarum
2358 3021 2517 3066 penu-

223 3075 312 3119 ria
350 3076 446 3118 est.
520 3069 672 3119 Serv.
712 3070 782 3119 ad
818 3071 982 3135 Verg.
1023 3070 1156 3120 Aen.
1196 3071 1224 3118 1
1259 3071 1348 3118 22:
1397 3069 1486 3118 Sic
1522 3071 1822 3120 Sallustius.-
1860 3073 2015 3120 caelo
2054 3077 2308 3144 terraque
2346 3087 2514 3136 penu-

225 3139 316 3188 ria
355 3153 637 3201 aquarum.

229 3360 278 3408 1.
330 3357 558 3422 speciae
595 3358 657 3405 P.
750 3359 873 3422 usui
909 3355 1047 3407 P¹m.
1121 3359 1242 3407 usui
1279 3355 1425 3424 gum.
1496 3359 1623 3408 usui
1668 3363 1746 3408 vel
1788 3373 1918 3408 usus
1967 3359 2095 3408 Naz.
2142 3359 2329 3410 habere
2371 3363 2515 3411 Grut.

222 3427 499 3476 memoriae
519 3427 770 3488 prodidit.

403 3493 452 3540 4.
492 3492 676 3556 gentis
712 3510 750 3557 μ
789 3491 887 3555 (set
923 3495 993 3542 ad
1025 3510 1184 3556 marg.
1224 3498 1288 3543 al.
1328 3512 1422 3544 ma.
1463 3493 1679 3558 gentes)
1717 3494 1802 3547 im.
1902 3501 1996 3544 aut
2044 3512 2135 3545 om.
2176 3497 2239 3545 T.
2336 3498 2515 3547 adtin-

227 3577 364 3627 gere
404 3576 500 3608 mr.
575 3562 898 3624 contingere
938 3559 1069 3624 (sup.
1099 3561 1177 3624 at)
1205 3563 1268 3610 E.
1318 3591 1382 3596 —-
1427 3562 1477 3612 6.
1518 3564 1584 3612 de
1624 3565 1671 3613 is
1709 3562 1821 3628 gg¹.
1894 3563 1961 3613 de
2000 3565 2068 3613 iis
2106 3567 2168 3612 Ε.
2242 3567 2307 3615 de
2333 3566 2418 3614 his
2442 3571 2520 3614 vel

225 3631 471 3679 hiisffel.
566 3627 702 3677 haut
738 3627 924 3693 s¹g³ro.
999 3634 1094 3678 aut
1132 3630 1298 3678 facile
1329 3629 1567 3696 Pp¹lg⁷y.
1640 3631 1784 3680 haud
1814 3630 1891 3695 ΗΙΗ
1920 3631 2090 3682 facile
2119 3631 2239 3695 (fuit
2264 3630 2515 3694 difficile)

226 3715 298 3746 m.
375 3696 510 3744 haut
546 3695 777 3745 difficile
825 3699 896 3745 ad
927 3711 1084 3764 mai-9.
1133 3696 1218 3749 iffi.
1293 3699 1461 3748 facile
1505 3699 1642 3748 haut
1687 3706 1737 3748 in
1771 3717 1878 3749 ras.
1916 3697 2007 3748 111¹.
2048 3739 2053 3744 .
2117 3706 2436 3765 conpertum
2473 3703 2515 3749 P

227 3767 396 3827 (conr.
441 3763 640 3828 comp.)
678 3780 718 3812 r.
796 3770 1158 3828 compertum,
1211 3765 1354 3814 haud
1401 3769 1738 3816 narraverim
1778 3773 1966 3818 cetera
2008 3769 2232 3818 Commel.
2272 3769 2515 3817 eoehibere

231 3835 484 3882 Gruterus
518 3838 719 3880 narrat.
770 3858 832 3866 -
885 3830 931 3878 7.
984 3837 1173 3881 cetera
1209 3859 1275 3866 —-
1313 3835 1593 3883 absolvam
1632 3839 1703 3884 ad
1734 3853 1893 3898 mary.
1932 3833 2014 3884 P4.
2062 3863 2132 3872 —-
2175 3835 2223 3883 8.
2264 3837 2321 3884 in
2356 3843 2513 3900 parte

225 3899 401 3950 tertia
420 3897 1481 3966 PP¹P³P⁴MM¹M²GBTEFpp³mm¹m²g
1502 3901 1597 3964 (eoe
1606 3903 1773 3965 conr.)
1801 3901 2511 3968 g²g³g⁵g⁶g⁷ss¹s²lrhouyffit.

228 3970 288 4017 in
328 3967 498 4016 tertia
535 3973 694 4030 parte
731 3965 804 4031 pl.
882 3968 1115 4015 africam
1162 3968 1218 4016 in
1265 3971 1434 4017 tertia
1481 3975 1637 4032 parte
1686 3968 1759 4033 p5.
1834 3971 1891 4018 in
1926 3975 2140 4034 partem
2178 3971 2397 4019 tertiam
2435 3987 2518 4019 re-

230 4039 354 4086 licui
385 4036 552 4097 pauc-i,
591 4038 642 4082 in
680 4035 853 4099 quibus
893 4036 1070 4084 Gomm.
1109 4051 1219 4084 esse
1261 4037 1504 4085 Gruterus
1540 4038 1773 4085 tradidit.
1814 4065 1876 4072 —-
1918 4036 1993 4085 10.
2034 4039 2091 4085 in
2126 4039 2345 4103 Europa
2372 4054 2549 4088 esse..

227 4106 317 4152 Ea
355 4103 468 4151 TE.
576 4102 700 4150 finis
737 4101 802 4151 Ρ1
843 4101 1002 4163 (conr.
1032 4103 1201 4165 mes).
1310 4105 1368 4151 in
1405 4103 1692 4152 occidente
1730 4105 1827 4168 Εγ.
1890 4131 1957 4140 -
2020 4104 2097 4152 ll.
2144 4106 2305 4154 horta
2340 4107 2402 4154 P.
2448 4131 2518 4141 -—

233 4172 315 4219 12.
357 4171 424 4218 In
461 4172 655 4219 nomine
677 4185 868 4232 ,qraeeo
894 4174 1058 4219 multis
1082 4173 1242 4219 modis
1267 4171 1469 4220 librarii
1486 4187 1782 4234 peccavere.
1881 4173 2253 4236 inportuosum
2278 4175 2322 4222 P
2350 4174 2513 4236 (conr.

229 4237 385 4302 imp.)
413 4235 696 4286 P¹P³P⁴m¹
727 4235 822 4300 (ece
845 4237 1014 4299 cour.)
1043 4235 1306 4302 g¹g²g⁷su.
1354 4265 1420 4271 -—
1479 4237 1556 4288 13.
1606 4255 1810 4303 pecora
1848 4238 2008 4300 (conr.
2036 4241 2243 4304 pecori)
2282 4242 2344 4289 P.
2428 4259 2511 4290 ar-

227 4306 355 4358 bori
391 4302 2107 4372 PP¹P²P4MM¹M²GBTEFpp¹p³p⁵mm¹m²g²g³g⁵ss¹s²1houyffie.
2180 4310 2391 4359 arboris
2440 4311 2515 4376 gff.

232 4374 493 4424 arborum
529 4388 565 4438 g
605 4372 700 4436 (eae
723 4372 891 4436 conr.)
918 4389 959 4421 r.
1035 4374 1320 4423 arboribus
1357 4371 1553 4438 p⁶g4g⁷.
1672 4376 1828 4425 eaelo
1865 4373 2187 4442 PP1GM2g3.
2262 4377 2383 4428 celo
2419 4377 2515 4430 M1.
