3042 4917
271 1526 357 1577 lo.

279 1830 364 1881 11.

295 2030 376 2083 12.

293 2134 379 2187 13.

301 2335 382 2388 14.

292 3150 378 3201 l'o.

299 4163 382 4216 16.

939 309 1547 369 οοΝΜΕΝΤΑΤΙοΝηΜ
1592 308 1733 350 οΑΡ.
1782 310 1825 349 1.
2494 286 2533 347 9

415 473 522 540 q’ue
573 467 638 523 ad
683 474 746 528 8,
789 472 824 523 2
877 468 936 521 in
991 468 1112 521 suis
1160 466 1399 533 artibus,
1445 470 1577 538 post
1633 480 1771 537 quae
1828 462 2061 519 secunda
2116 480 2307 518 manus
2354 462 2537 537 pergit

413 585 590 640 usque
634 568 700 623 ad
745 574 842 629 23,
887 574 936 625 2.
1018 566 1095 621 Ibi
1140 566 1282 621 enim
1325 566 1486 621 verba
1530 580 1639 620 nas
1672 567 1731 620 in
1762 548 2023 620 emiremo
2064 566 2207 621 sitas
2254 595 2327 605 —-
2373 570 2459 626 24,
2503 572 2537 625 3

415 674 676 741 quintum
726 671 840 724 iam
890 684 1139 724 mensem
1193 668 1246 722 in
1293 652 1556 741 singulari
1608 666 1799 722 foliolo
1846 667 2050 739 scripta
2091 674 2247 729 suut,
2298 674 2353 721 et
2398 684 2537 740 quae

419 770 512 826 illa
557 778 891 845 sequuntur,
953 787 1144 825 rursus
1185 769 1254 825 ab
1297 770 1470 844 prima
1515 786 1676 824 manu
1720 775 1953 824 exarata.
2038 768 2169 824 Cum
2212 787 2262 824 m
2310 770 2355 825 is
2397 768 2537 825 liber

416 873 492 928 ita
533 873 827 935 consentit,
871 880 929 927 ut
969 887 1141 945 paene
1186 889 1250 926 ex
1290 888 1354 926 eo
1404 872 1707 945 exscriptus
1754 870 2012 925 videatur.

413 1007 478 1067 μ,
523 991 860 1047 Monacensis
898 989 1016 1044 cod.
1065 988 1157 1044 lat.
1199 994 1338 1049 2602
1375 986 1869 1063 (Aldersparcensis
1908 988 1998 1061 72)
2030 990 2253 1045 membr.
2299 990 2474 1046 forma
2504 998 2539 1051 8

417 1110 555 1150 saec.
601 1092 728 1155 XIII,
769 1092 972 1147 litteris
1015 1091 1239 1145 minutis
1275 1090 1638 1164 conscriptus,
1684 1090 1883 1147 multas
1921 1098 2079 1147 notas
2112 1092 2436 1165 marginales
2482 1100 2538 1149 et

417 1194 632 1268 glossas
679 1193 746 1248 ab
783 1193 1013 1248 divorsis
1060 1192 1306 1247 manibus
1351 1192 1582 1267 scriptas
1612 1193 1930 1248 ‘continens
2007 1193 2120 1265 lug.
2169 1199 2252 1256 21,
2299 1200 2333 1252 4
2376 1194 2539 1249 verba

418 1298 487 1352 de
548 1296 954 1352 controversiis
993 1324 1078 1333 —-
1123 1295 1449 1365 disceptare
1507 1294 1573 1350 ab
1630 1294 1813 1350 eadem
1873 1312 2034 1349 manu
2060 1338 2073 1357 ,
2139 1312 2275 1368 quae
2332 1303 2537 1352 textum

419 1398 670 1459 exaravit,
718 1397 783 1452 ad
827 1396 1126 1469 marginem
1165 1395 1367 1469 scripta
1408 1403 1552 1451 sunt.

420 1536 475 1578 s,
530 1515 828 1589 Lipsiensis
855 1508 898 1586 1)
944 1513 1308 1571 bibliothecae
1345 1515 1652 1571 senatoriae
1688 1516 1819 1589 Rep.
1853 1516 1874 1570 Ι
1907 1515 2001 1571 fol.
2034 1522 2069 1573 4
2105 1515 2226 1587 (vid.
2257 1516 2535 1573 Naumann

415 1617 572 1673 catal.
617 1616 884 1672 librorum
921 1633 1198 1672 manuscr.
1245 1616 1328 1671 XL
1362 1634 1416 1691 p.
1457 1615 1543 1689 14)
1591 1618 1813 1673 membr.
1861 1634 1997 1673 saec.
2043 1618 2109 1673 XI
2154 1617 2293 1690 (mea
2324 1620 2538 1692 quidem

423 1718 693 1775 sententia
739 1725 889 1773 certe
936 1716 1221 1790 exeuntis).

423 1815 508 1883 sl,
557 1820 856 1895 Lipsiensis
894 1818 1144 1875 biblioth.
1192 1826 1363 1874 senat.
1399 1820 1538 1894 Rep.
1568 1816 1606 1875 Ἰ
1650 1826 1700 1879 4.
1744 1826 1810 1879 41
1858 1820 2062 1894 (Naum.
2106 1822 2306 1877 LXVIII
2348 1843 2400 1898 p.
2452 1823 2542 1898 22)

421 1923 645 1978 membr.
679 1939 816 1977 saec.
861 1920 988 1976 XIII.

425 2018 511 2086 s2,
563 2022 860 2097 Lipsiensis
905 2021 1154 2077 biblioth.
1200 2029 1370 2077 senat.
1412 2022 1544 2098 Rep.
1590 2024 1626 2078 Ι.
1672 2030 1722 2082 8.
1761 2030 1824 2083 91
1883 2022 2099 2095 (Naum.
2140 2026 2295 2081 LXIX
2343 2045 2397 2102 p.
2435 2028 2542 2102 22).

427 2133 496 2188 σ,
539 2126 838 2199 Lipsiensis
879 2123 1129 2179 biblioth.
1177 2131 1347 2180 senat.
1393 2125 1525 2198 Rep.
1566 2124 1659 2179 rol.
1704 2131 1770 2185 14
1832 2124 2036 2198 (Naum.
2068 2126 2175 2182 XCI
2218 2148 2271 2203 p.
2313 2134 2378 2189 27
2419 2129 2541 2204 sq.).

423 2227 535 2309 lug.
574 2233 657 2290 21,
705 2232 739 2285 4
781 2226 943 2282 verba
987 2228 1057 2281 de
1089 2231 1341 2281 controv.
1395 2257 1468 2265 —
1516 2228 1843 2298 disceptare
1886 2227 1940 2281 in
1982 2236 2131 2285 textu
2176 2229 2411 2287 exhibet.

426 2347 495 2402 g,
537 2326 992 2402 Guelferbytanus
1033 2334 1096 2389 8,
1136 2333 1185 2387 6.
1257 2327 1351 2383 Ms.
1407 2328 1546 2401 Aug.
1591 2333 1626 2386 4
1684 2346 1748 2383 ex
1803 2328 2132 2387 bibliotheca
2186 2332 2223 2387 I.
2275 2333 2545 2391 Chunrad1

423 2430 692 2486 Rhumelii
734 2422 930 2501 (Ebert
971 2428 1108 2501 747)
1166 2429 1390 2484 membr.
1438 2429 1613 2485 forma
1657 2436 1693 2491 8
1748 2448 1886 2487 saec.
1927 2431 2053 2487 XIII.
2133 2436 2311 2492 Prima
2354 2454 2581 2510 manus·

429 2531 648 2606 scripsit
683 2548 858 2603 usque
902 2530 966 2585 ad
1009 2529 1120 2585 Cat.
1158 2537 1238 2593 10,
1273 2537 1306 2590 6
1351 2532 1637 2587 vindicari
1677 2531 1804 2605 (tria
1851 2532 1981 2589 solia
2029 2535 2282 2609 integra),
2332 2546 2444 2595 tum
2491 2540 2544 2601 in
2590 2574 2599 2580 -

427 2633 523 2689 fol.
567 2638 601 2691 4
645 2631 748 2688 alia
789 2648 979 2687 manus
1025 2631 1214 2705 incipit
1251 2632 1317 2688 ab
1366 2632 1477 2687 Cat.
1517 2640 1578 2696 9,
1624 2642 1659 2695 3
1695 2652 1827 2706 pax
1862 2646 2150 2707 evenerat,
2190 2648 2273 2695 set
2314 2643 2546 2715 paginae

424 2742 460 2794 8
496 2742 551 2789 et
591 2741 632 2795 9·
670 2742 940 2789 extremae
970 2741 1156 2807 partes
1197 2734 1370 2807 pr1'ma
1415 2752 1577 2790 manu
1624 2738 1859 2811 scriptae
1902 2746 2046 2795 sunt.
2122 2740 2253 2797 Item
2299 2742 2415 2815 (fol.
2460 2743 2546 2818 15)

426 2834 588 2890 verba
629 2835 740 2891 Cat.
778 2842 873 2899 60,
920 2844 954 2895 4
991 2837 1207 2891 sauciis
1250 2852 1548 2891 arcessere
1598 2870 1669 2878 —
1731 2839 1845 2913 lug.
1892 2846 1952 2903 2,
1985 2847 2021 2899 4
2068 2850 2312 2899 aetatem
2370 2854 2548 2918 ayunt
2637 2836 2653 2848 “

424 2954 578 2992 erasa
618 2944 673 2993 et
716 2936 896 2991 denuo
947 2944 1366 2999 exarata-sunt,
1415 2938 1651 3012 denique
1692 2942 1805 3014 lug.
1846 2950 1881 3003 8
1926 2951 2062 2999 extr.
2109 2962 2301 3002 rursus
2356 2965 2545 3004 rasura

425 3047 510 3095 est
554 3046 610 3094 et
648 3038 841 3094 deinde
883 3055 1019 3094 nova
1065 3056 1256 3095 manus
1297 3040 1497 3113 pergit.

427 3134 509 3213 g¹,
556 3140 1008 3213 Guelferbytanus
1056 3149 1152 3203 51,
1202 3147 1266 3200 12
1300 3142 1394 3196 Ms.
1437 3143 1577 3215 Aug.
1623 3148 1659 3203 8
1703 3142 1899 3215 (Ebert
1940 3144 2096 3219 750),
2144 3147 2365 3204 membr.
2407 3166 2545 3206 saec.

423 3242 512 3298 XII
557 3242 731 3298 forma
775 3248 810 3301 8
858 3242 986 3296 min.
1072 3242 1132 3298 In
1172 3242 1286 3315 lug.
1333 3243 1428 3299 sol.
1473 3251 1543 3303 30
1595 3245 1909 3301 exciderunt
1966 3246 2081 3319 (17,
2130 3258 2161 3309 5
2201 3250 2420 3322 fertilis
2469 3282 2543 3292 —

429 3351 516 3407 62,
545 3350 580 3403 4
623 3344 938 3417 vitabundi)
951 3366 972 3404 ;
1016 3344 1185 3416 igitur
1220 3346 1275 3400 in
1319 3346 1616 3433 secundum
1655 3364 1828 3419 genus
1869 3349 2065 3405 referri
2106 3369 2213 3408 non
2255 3353 2546 3427 potuisset,

428 3446 532 3501 nisi
577 3446 881 3520 scripturae
923 3464 1045 3502 cum
1075 3446 1230 3503 libris
1261 3448 1377 3502 eius
1417 3449 1635 3520 generis
1670 3467 1900 3523 prorsus
1944 3456 2336 3511 consentIrent.
2402 3454 2547 3512 Nova

429 3563 619 3603 manus
664 3547 854 3620 incipit
905 3548 971 3603 ab
1019 3547 1129 3603 Cat.
1175 3555 1260 3611 44,
1308 3557 1343 3609 3
1395 3550 1459 3604 L.
1506 3567 1637 3606 cum
1684 3552 1804 3612 him
1848 3560 1964 3609 tum
2009 3554 2304 3633 Iugurthae
2352 3559 2551 3633 princi-

425 3649 576 3722 pium
618 3666 793 3722 usque
840 3649 904 3704 ad
951 3658 1000 3711 3,
1045 3656 1078 3707 2
1123 3652 1177 3705 vi
1213 3652 1440 3721 quidem
1477 3651 1581 3707 alia
1616 3670 1825 3717 manUS,
1873 3664 1957 3712 set
1988 3675 2124 3731 quae
2163 3660 2403 3733 priorem
2435 3660 2552 3716 im'i-

431 3757 556 3813 tata,
604 3750 900 3824 subplevit:
945 3751 1180 3824 denique
1217 3752 1331 3825 lug.
1371 3758 1456 3815 76,
1491 3760 1525 3813 6
1568 3763 1698 3829 post
1748 3736 1975 3813 oneroti
2014 3760 2212 3833 pagina
2258 3780 2421 3818 vacua
2466 3768 2551 3817 est

427 3859 483 3907 et
513 3852 579 3907 ab
621 3850 718 3906 fol.
757 3857 855 3909 102
900 3868 1036 3909 nova
1080 3870 1272 3910 manus
1317 3840 1555 3929 pergits
1607 3856 1717 3913 Nec
1748 3858 1923 3915 minus
1974 3862 2029 3916 in
2082 3864 2337 3920 extremis
2382 3863 2549 3927 foliis,

428 3971 549 4008 cum
595 3953 811 4009 litterae
865 3954 1026 4009 modo
1065 3971 1289 4028 pressae
1341 3958 1505 4013 modo
1556 3958 1805 4017 diductae
1863 3962 2001 4025 sint,
2060 3962 2269 4020 laceros
2312 3972 2405 4020 aut
2454 3966 2550 4021 ob-

429 4062 679 4111 scuratos
724 4055 876 4113 locos
912 4054 1200 4129 subpletos
1244 4075 1363 4115 esse
1406 4060 1657 4133 adparet..

427 4150 507 4230 g²‚
546 4156 1000 4232 Guelferbytanus
1041 4166 1126 4221 50,
1173 4164 1208 4217 4
1252 4159 1347 4215 Ms.
1378 4161 1516 4234 Aug.
1564 4168 1601 4223 8
1631 4159 1816 4233 (Ebert
1858 4163 1999 4236 748),
2044 4166 2269 4223 membr.
2311 4169 2484 4226 forma
2514 4178 2551 4232 8
2574 4188 2587 4199 ‘
2634 4118 2639 4127 ι

329 4337 380 4403 l)
417 4298 650 4391 Codices
681 4330 1004 4405 Lipsienses
1039 4341 1161 4407 ipse
1199 4341 1376 4393 denuo
1430 4340 1656 4394 contuli.
