3042 4917
887 280 1494 330 connexum-mmm
1538 280 1679 326 oar.
1720 279 1809 325 ιν.
2414 261 2501 328 79

213 440 384 500 eiusd.
440 459 557 518 cap.
608 449 706 505 10,
739 439 1005 515 'quamvis
1061 439 1498 497 interiectionem
1556 436 1887 512 saepissume
1938 435 2005 492 ab
2058 433 2295 494 librariis
2334 457 2499 512 prave

214 545 438 602 inlatam
481 562 602 602 esse
643 551 952 606 constaret,
996 549 1175 599 tamen
1219 559 1335 599 eam
1379 559 1445 596 ex
1477 535 1645 615 1P¹G42
1688 539 2055 614 recipiundam
2098 539 2241 602 duxi,
2280 559 2403 597 cum
2444 549 2501 598 et

213 647 550 704 relicuorum
595 646 927 721 scriptorum
968 643 1281 702 testimonia
1319 660 1436 699 eam
1490 642 1793 706 munirent,
1852 649 1908 697 et
1958 642 2194 714 gravitas
2240 644 2499 717 quaedam

214 750 276 804 ad
323 749 649 806 sententiam
691 748 990 804 adcederet.

383 851 502 924 lug.
547 858 634 914 38,
681 857 716 909 2
757 849 916 908 multi
957 850 1285 906 exstiterunt
1327 847 1420 922 qui
1462 846 1624 904 verba
1663 849 1746 901 ita
1782 847 1989 902 delicta
2020 832 2333 903 occultiora
2364 847 2499 920 fore

213 953 593 1016 defenderent,
661 953 768 1008 rati
827 952 906 1008 eis
963 969 1208 1008 caussam
1261 950 1492 1012 adferri,
1556 966 1661 1023 qua
1703 949 1965 1022 Iugurtha
2008 947 2205 1004 Aulum
2246 948 2499 1006 Albinum

213 1055 606 1130 permovisset,
661 1055 744 1111 uti
801 1073 860 1113 se
915 1055 971 1111 in
1023 1053 1234 1110 abditas
1294 1052 1549 1125 regiones
1604 1057 1945 1124 sequeretur.
2023 1051 2130 1106 lam
2177 1069 2501 1127 quamquam

212 1175 312 1231 per
356 1175 416 1213 se
449 1157 792 1230 intellegitur
829 1158 890 1210 A.
931 1155 1112 1211 Albini
1145 1164 1268 1211 ‘non
1311 1154 1490 1211 minus
1546 1170 1707 1226 quam
1750 1153 2043 1226 Iugurthae
2080 1153 2393 1211 interfuisse
2434 1173 2500 1211 ne

213 1259 412 1315 delicta
455 1259 777 1334 patefierent
815 1265 978 1331 atque
1021 1256 1432 1330 evulgarentur,
1493 1263 1669 1310 tamen
1710 1272 1886 1329 neque
1925 1254 2059 1311 illud
2108 1255 2215 1312 dici
2256 1274 2501 1314 necessa-

215 1361 358 1418 rium
403 1360 512 1417 fuit
559 1392 632 1401 —
685 1378 811 1436 spes
853 1360 1122 1435 pactionis
1165 1359 1202 1414 i.
1248 1376 1295 1414 e.
1332 1357 1593 1432 pecuniae
1634 1357 1927 1431 capiundae
1972 1355 2077 1428 (37,
2114 1356 2168 1430 3)
2214 1359 2345 1415 satis
2386 1361 2503 1416 ino-

186 1440 374 1518 'vebat
413 1462 644 1526 Aulum,
700 1470 763 1519 ut
810 1481 1000 1520 caecus
1055 1459 1284 1536 periculi
1344 1459 1430 1516 sui
1475 1458 1885 1516 oblivisceretur
1928 1477 2103 1535 neque
2150 1459 2271 1516 aliis
2315 1461 2503 1518 incita-

214 1565 416 1622 mentis
443 1573 636 1638 egeret
683 1595 758 1606 -·
805 1573 860 1621 et
903 1563 1224 1621 obscuriora
1269 1570 1396 1618 sunt
1437 1561 1616 1624 verba,
1664 1562 1918 1635 quoniam
1958 1562 2155 1636 quibus
2204 1562 2503 1619 occultiora

217 1668 406 1723 futura
446 1666 651 1722 fuerint
685 1667 981 1740 quaeritur.
1065 1665 1130 1720 Et
1189 1665 1282 1738 qui
1327 1663 1536 1738 sperari
1582 1663 1790 1738 potuit,
1849 1664 1993 1738 quod
2038 1664 2373 1739 inspectante
2416 1683 2504 1722 ex-

217 1769 396 1826 ercitu
437 1767 612 1832 fieret,
659 1769 870 1826 etiamsi
915 1768 972 1824 in
1013 1763 1210 1824 abditis
1255 1745 1591 1839 regionibus,
1640 1764 1911 1822 occultum
1956 1767 2095 1834 sore,
2139 1767 2337 1823 Romae
2369 1767 2505 1824 nihil

217 1879 311 1927 aut
355 1870 564 1927 incerta
604 1871 884 1944 cognitum
941 1869 1046 1924 iri?
1133 1869 1265 1924 Rem
1303 1875 1484 1923 autem
1527 1867 1767 1930 conficit,
1826 1869 1972 1941 quod
2016 1868 2287 1942 scriptura
2346 1877 2505 1943 optu-

217 1970 322 2029 mis
369 1972 701 2029 testimoniis
738 1972 936 2028 tradita
963 1970 1140 2044 fuere
1183 1978 1282 2026 est.
1357 1969 1525 2037 Quam
1570 1969 1617 2025 si
1661 1977 1863 2033 teneas,
1900 1987 2009 2025 non
2051 1969 2225 2026 multo
2262 1971 2504 2028 acumine

219 2093 362 2149 opus
401 2082 504 2138 est,
550 2082 614 2130 ut
657 2093 720 2132 ea
765 2075 925 2134 verba
969 2072 1314 2147 glossematis
1350 2053 1593 2146 speciem·
1628 2089 1759 2145 prae
1804 2090 1861 2128 se
1904 2071 2047 2128 ferre
2092 2073 2395 2146 intellegas.

389 2176 508 2249 lug.
554 2183 654 2239 40,
693 2185 728 2238 3
785 2175 882 2232 Set
924 2177 1124 2248 plebes
1186 2175 1519 2232 incredibile
1574 2180 1891 2228 memoratu
1940 2181 2024 2230 est
2072 2191 2245 2246 quam
2287 2179 2506 2232 intenta

214 2279 408 2352 fuerit
465 2285 798 2350 quantaque
853 2279 910 2334 vi
956 2279 1308 2350 royationem
1365 2278 1601 2332 iusserit
1656 2275 1783 2350 quin
1836 2275 2075 2332 Kritzius
2129 2278 2291 2333 verba
2340 2277 2505 2352 volgo

219 2381 404 2438 addita
453 2382 774 2437 decreverit
827 2381 1071 2436 voluerit
1120 2381 1238 2435 iure
1297 2397 1356 2436 ac
1409 2379 1606 2435 merito
1655 2379 1942 2442 deleverit,
2006 2397 2165 2436 nemo
2217 2379 2503 2444 dubitabit,

217 2501 350 2563 cum·
389 2501 535 2539 nunc
578 2489 793 2538 constet
837 2483 1260 2539 vetustissumos
1316 2488 1372 2537 et
1427 2488 1685 2555 optumos
1730 2481 1901 2537 libros
1945 2499 2107 2538 manu
2155 2482 2393 2556 scriptos
2446 2501 2509 2540 ea

219 2603 332 2642 non
376 2585 610 2647 habere,
667 2593 724 2640 et
779 2583 936 2640 facile
983 2585 1241 2660 adpareat
1295 2583 1551 2640 librarios
1596 2583 1816 2638 verbum
1860 2580 1964 2640 sibi
2007 2585 2185 2641 minus
2228 2585 2508 2658 cognitum

221 2687 343 2760 (cfr.
393 2693 574 2744 tamen
619 2687 733 2760 lug·
769 2692 864 2749 73,
905 2694 957 2749 7.
1002 2693 1088 2750 84,
1123 2695 1171 2746 1.
1217 2693 1304 2748 85.
1347 2683 1434 2758 11)
1481 2684 1877 2742 inlustrandum
1930 2695 2093 2761 atque
2137 2686 2509 2762 explicandum

221 2797 466 2864 putasse.
531 2757 552 2790 ’

395 2890 492 2946 Set
533 2890 672 2946 mira
715 2890 943 2964 quadam
987 2897 1138 2947 sorte
1177 2889 1386 2950 accidit,
1429 2897 1492 2944 ut
1536 2892 1628 2963 qui
1672 2889 1842 2946 multa
1873 2889 1993 2946 aliis
2031 2891 2161 2947 viris
2202 2893 2377 2949 doctis
2422 2911 2511 2949 su-

223 3001 412 3069 specta
457 2991 808 3054 defenderim,
856 2993 972 3067 ipse
1013 2992 1116 3049 alia
1164 2993 1424 3048 advorsus
1470 2990 1805 3048 relicuorum
1848 2992 2119 3048 editorum
2159 3001 2379 3049 nostrae
2424 3012 2511 3050 ae-

224 3097 354 3152 tatis
400 3094 727 3150 sententiam
782 3094 836 3149 in
887 3094 1265 3168 suspicionem,
1302 3110 1513 3156 vocem,
1571 3093 1625 3150 id
1674 3094 1819 3167 quod
1868 3093 2184 3151 testimonio
2236 3095 2369 3157 erit,
2426 3113 2511 3151 me

223 3216 336 3254 non
390 3213 549 3254 caeca
609 3196 836 3270 quadam
893 3197 1220 3270 pertinacia,
1293 3203 1376 3252 set
1427 3195 1601 3252 libero
1661 3195 1857 3252 iudicio
1914 3196 2158 3253 codicum
2212 3197 2513 3271 scripturas

223 3299 536 3360 defendere.
618 3299 732 3372 lug.
778 3298 951 3378 igitur
994 3305 1090 3362 41,
1137 3308 1164 3358 l
1219 3316 1404 3354 omnes
1447 3297 1715 3372 scripsere
1774 3297 2035 3354 Ceterum
2085 3315 2205 3354 mos
2254 3303 2513 3372 partium

217 3403 596 3475 popularium
635 3407 692 3456 et
733 3407 970 3457 senatus
1006 3401 1328 3472 factionum
1372 3417 1442 3456 ac
1469 3402 1672 3457 deinde
1703 3403 1949 3458 omnium
1983 3404 2269 3461 malarum
2302 3405 2513 3459 artium

215 3507 433 3577 paucis
477 3509 612 3559 ante
653 3504 824 3559 annis
861 3503 1082 3558 Romae
1125 3510 1288 3559 ortus
1343 3507 1442 3559 est.
1528 3503 1601 3557 At
1646 3521 1769 3560 cum
1813 3505 2184 3562 vetustissumi
2234 3504 2362 3562 libri
2402 3499 2517 3562 PP1·

225 3607 292 3662 al.
343 3609 644 3662 senatores
687 3603 990 3668 exhibeant,
1037 3605 1094 3662 in
1135 3605 1282 3679 quod
1318 3622 1426 3680 quo
1471 3605 1635 3661 modo
1667 3613 1901 3662 senatus
1944 3608 2229 3682 conrumpi
2268 3609 2515 3683 potuerit

225 3727 336 3765 non
382 3706 741 3779 intellegitur,
786 3707 843 3764 in
882 3707 1103 3765 relicuis
1157 3713 1338 3764 autem
1393 3705 1551 3763 libris
1613 3707 1757 3764 inter
1798 3707 2131 3767 sanctorum
2172 3717 2230 3766 et
2278 3719 2516 3770 senatus

225 3810 492 3866 variatum
539 3809 630 3873 sit,
672 3827 794 3868 cum
836 3817 1071 3866 senatus
1117 3810 1170 3866 in
1199 3811 1324 3866 Naz.
1369 3810 1559 3866 deesse
1596 3810 1860 3868 Gruterus
1910 3820 2158 3875 testetur,
2202 3831 2323 3869 cum
2364 3812 2515 3869 deni-

229 3929 334 3985 que
378 3912 436 3968 in
467 3929 520 3966 m
565 3920 621 3967 et
665 3908 746 3968 m²
780 3913 1158 3983 popu-larium
1207 3919 1266 3968 et
1319 3919 1557 3969 senatus
1599 3912 1665 3968 al.
1712 3931 1816 3969 ma.
1860 3931 2028 3989 ‚supra
2073 3915 2267 3970 lineam
2311 3913 2513 3988 scripta

229 4013 356 4074 sint,
396 4021 636 4092 senatus
677 4021 826 4071 certe
865 4014 980 4071 iure
1027 4022 1340 4090 suspectum
1375 4032 1496 4072 esse
1532 4032 1705 4078 nemo,
1755 4015 1845 4089 qui
1878 4016 2011 4072 artis
2050 4017 2269 4073 criticae
2302 4016 2514 4090 peritus

231 4115 318 4178 sit,
363 4114 603 4188 negabit.
693 4114 846 4184 Quod
891 4117 938 4172 si
982 4125 1324 4180 removetur,
1367 4120 1738 4190 popularium
1783 4117 2018 4192 relinqui
2065 4119 2200 4176 adeo
2246 4119 2516 4175 membro-

231 4234 350 4274 rum
403 4215 762 4290 aequabilitas
819 4226 982 4274 vetat.
1067 4219 1160 4276 Set
1204 4237 1331 4275 num
1385 4237 1449 4276 ea
1505 4219 1765 4278 vocabula
1815 4229 1962 4278 recte
2016 4220 2195 4278 omitti
2248 4222 2515 4295 possunt?

232 4318 406 4392 Igitur
443 4325 656 4392 partes
699 4319 764 4376 de
808 4319 999 4395 populi
1043 4321 1292 4396 partibus
1336 4321 1482 4396 (lug.
1528 4329 1614 4387 43,
1658 4323 1721 4397 1)
1762 4324 1963 4381 dictum
2008 4324 2075 4382 ab
2120 4323 2343 4382 Sallusti
2388 4342 2518 4383 con-
