3042 4917
502 300 660 361 VIII
813 304 838 327 ’
1025 280 1038 289 ’
1123 360 1130 367 ,
1337 372 1346 381 ι
1455 316 1851 359 PRAEFATIO.
1942 360 1945 365 ,

504 471 780 529 Kritzius
817 466 890 527 ad
933 465 1329 525 inlustrandas
1370 465 1498 526 illas
1530 465 1809 545 reliquias
1864 469 2099 545 egregia
2147 468 2449 537 doctrinae
2491 471 2658 547 copia
2701 478 2785 530 at-

506 605 620 664 que
668 585 962 663 diligentia
1010 583 1280 653 contulit,
1329 585 1412 643 uti
1456 584 1733 645 licuisset.

673 705 741 764 ln
770 704 962 764 indice
995 703 1364 763 conficiundo
1393 720 1466 761 an
1495 708 1689 762 rectas
1722 722 1789 763 ac
1815 722 1983 763 veras
2014 706 2271 765 rationes
2302 713 2539 767 secutus
2570 707 2786 776 videar,

504 822 670 884 valde
711 822 932 883 dubito,
1005 822 1144 881 Mihi
1186 821 1301 880 hoc
1332 840 1516 880 unum
1548 823 1912 901 propositum
1946 824 2080 892 fuit,
2121 829 2187 883 ut
2215 825 2353 916 quid
2385 801 2539 904 apud
2571 824 2789 885 Sallus-

506 945 649 1003 tium
684 945 938 1008 extaret,
973 938 1539 999 facillume-inveniri
1572 947 1788 1017 posset.
1844 940 2013 1010 Quod
2042 943 2089 1000 si
2125 941 2265 1002 alias
2295 944 2581 1013 rationeS,
2613 963 2787 1023 quam

506 1062 596 1121 vel
653 1061 979 1120 litterarum
1039 1058 1308 1140 ordinem
1369 1057 1460 1117 vel
1507 1044 1761 1119 casuum*
1793 1059 1883 1119 vel
1925 1061 2251 1121 formarum
2296 1036 2533 1122 secutus
2576 1081 2786 1131 essem,

507 1180 692 1241 multo
725 1176 1007 1256 ampliore
1039 1178 1222 1254 spatio
1255 1194 1402 1253 opus
1433 1176 1571 1245 fuit,
1620 1170 1791 1240 simul
1835 1179 2185 1275 verendum,
2226 1198 2302 1239 ne
2346 1180 2512 1241 multi
2552 1198 2615 1240 se
2644 1183 2791 1241 meis

507 1270 832 1359 rationibus
861 1297 919 1354 in
949 1302 1184 1355 errores
1212 1294 1482 1357 inductos
1515 1276 1643 1356 esse
1676 1304 2199 1375 conquererentur.
2252 1297 2419 1358 Illud
2460 1300 2651 1359 omnis
2691 1318 2789 1358 ro-

509 1412 681 1495 gatos'
715 1415 874 1485 volo,
919 1420 985 1473 ut
1025 1416 1073 1473 si
1113 1415 1264 1473 forte
1308 1414 1404 1475 hic
1448 1412 1565 1494 illic
1608 1414 1861 1475 indicem
1904 1434 2021 1477 non
2067 1434 2313 1494 prorsus
2347 1436 2479 1478 cum
2514 1437 2583 1477 eo
2614 1436 2790 1496 quem

485 1536 747 1597 ‘exhibui
789 1539 951 1595 textu
999 1533 1310 1592 convenire
1351 1532 1633 1602 viderint,
1674 1533 1731 1592 id
1762 1533 2029 1594 benivole
2066 1536 2405 1611 ignoscant,
2450 1543 2793 1618 reputantes

509 1674 710 1715 secum
751 1669 1084 1713 maxumam
1128 1658 1357 1728 partem
1396 1652 1520 1735 iamk
1556 1658 1680 1711 tum
1722 1652 2043 1730 parandam
2085 1654 2265 1714 fuisse
2304 1661 2436 1714 ante
2474 1673 2649 1733 quam
2697 1673 2789 1715 re-

509 1774 656 1834 licus
701 1772 850 1832 liber
897 1770 1056 1849 typis.
1092 1775 1363 1830 exaratus
1420 1776 1602 1838 esset,
1665 1776 1971 1847 praeterea
2015 1790 2110 1831 me
2168 1778 2397 1833 veteres
2449 1775 2789 1851 scripturaS,

507 1906 781 1953 maxume
843 1890 890 1949 si
949 1889 1276 1949 emendatio
1330 1890 1527 1948 minus
1581 1895 1739 1949 certa
1802 1896 1987 1959 esset,
2044 1908 2163 1949 non
2218 1908 2467 1969 prorsus
2521 1893 2792 1952 omittere

511 2010 816 2078 debuisse,
881 2008 1132 2087 denique
1187 2006 1367 2068 multa
1423 2006 1513 2067 vel
1567 2006 2093 2085 diligentissumum
2147 2009 2456 2071 mortalem
2511 2012 2788 2087 effugere.

425 2141 429 2145 ·
505 2129 706 2205 Itaque
752 2128 889 2188 huic
940 2124 1077 2186 libri
1119 2127 1236 2187 mei
1278 2128 1430 2203 parti
1475 2144 1609 2188 eum
1656 2142 1895 2203 operam
1942 2145 2217 2187 navarem
2269 2128 2561 2198 intellexi,
2614 2146 2790 2206 quam

501 2249 758 2308 arduum
799 2251 954 2305 esset
986 2244 1129 2305 illud
1167 2263 1346 2321 opuS,
1397 2244 1660 2304 thesauri
1714 2243 2039 2315 latinitatiS,
2072 2247 2247 2323 ·quod
2290 2246 2408 2315 Tu,
2455 2248 2533 2305 mi
2580 2246 2788 2315 Halmi‚

506 2384 622 2425 una
689 2382 823 2423 cum
887 2361 1205 2423 Ritsclielio
1278 2352 1679 2423 Fleckeis'enio
1752 2362 2087 2423 Buchelero·
2155 2382 2345 2441 paras,
2459 2364 2790 2425 Inmortalis

506 2490 702 2542 vostra
745 2481 872 2541 laus
923 2482 1060 2549 crit,
1119 2498 1228 2540 nec
1285 2480 1594 2557 quisquam
1650 2480 1993 2541 melioribus
2050 2500 2151 2541 vos
2210 2483 2369 2571 votis·
2411 2484 2789 2561 prosequitur

507 2619 683 2678 quam
725 2600 853 2677 ego.
919 2597 1087 2667 Quod
1129 2598 1176 2655 si
1217 2615 1320 2656 vos
1349 2598 1505 2657 hanc
1550 2617 1740 2659 meam
1781 2617 2021 2677 operam
2064 2618 2182 2660 non
2222 2618 2470 2679 prorsus
2513 2601 2789 2681 inproba-

506 2720 731 2787 veritiS,
782 2734 1044 2777 summae
1089 2714 1525 2775 mihi-laetitiae
1568 2718 1695 2777 erit.

677 2836 920 2896 Summo
973 2841 1164 2894 autem
1227 2835 1404 2893 animi
1459 2835 1713 2895 candore
1770 2836 1883 2897 hoc
1938 2837 2069 2897 Tibi
2114 2838 2341 2908 scribo,
2414 2840 2500 2899 vir
2561 2840 2788 2901 amicis-

507 2960 703 3025 s'ume,
764 2973 860 3014 me
907 2959 1279 3013 cunctantem
1323 2953 1480 3014 hune
1537 2952 1753 3015 librum
1810 2956 2020 3026 edere,
2081 2975 2214 3017 cum
2268 2957 2539 3018 incohata
2594 2960 2789 3043 potius

505 3093 680 3153 quam
737 3073 998 3151 perfecta
1068 3090 1161 3131 me
1225 3072 1494 3149 proferre
1554 3074 1817 3133 sentiam.
1928 3074 2082 3134 Nihil
2137 3076 2281 3137 mibi
2338 3078 2559 3154 gratius
2616 3083 2789 3155 atque

507 3193 836 3271 exoptatius
870 3190 1127 3260 accidet,
1165 3208 1340 3269 quam
1383 3192 1430 3251 si
1467 3190 1615 3252 alius
1656 3194 1743 3252 vir
1786 3212 1881 3253 me
1920 3194 2180 3263 doctior,
2224 3196 2478 3264 acutior,
2524 3196 2787 3257 fortuna-

505 3313 619 3371 tior
661 3310 932 3371 Sallustio
988 3309 1280 3370 utiliorem
1341 3316 1399 3369 et
1455 3310 1843 3370 salubriorem
1904 3330 2146 3389 operam
2201 3314 2556 3391 inpenderit.'
2642 3314 2787 3375 Illud

506 3428 590 3487 Te
625 3429 804 3512 ‚enixe
841 3446 977 3496 oro,
1019 3434 1082 3487 ut
1127 3427 1256 3487 Tibi
1293 3446 1642 3505 persuasum
1690 3429 1936 3498 habeaS‚
1984 3432 2280 3491 neminem
2324 3451 2419 3493 me
2452 3433 2583 3493 Tibi
2628 3394 2789 3493 ‹ledi-

504 3542 715 3606 tiorem
759 3564 887 3606 esse
927 3564 1102 3623 quam
1141 3564 1254 3605 me.
1323 3536 1489 3604 Faxit
1535 3546 1690 3606 Deus
1728 3546 1812 3606 Te
1843 3548 2119 3627 Tuosque
2162 3551 2349 3611 salvos
2384 3558 2441 3612 et
2480 3550 2790 3611 incolumis

504 3674 677 3743 atque
707 3666 902 3724 omnia
932 3682 1082 3741 quae
1115 3660 1420 3745 'suscepisti
1467 3672 1524 3723 et
1554 3666 1863 3744 suscipies,
1916 3669 1987 3728 ad
2020 3636 2257 3731 'bonum
2288 3670 2543 3731 faustum
2572 3670 2789 3731 laetum

505 3791 777 3845 eventum
819 3783 1120 3863 perducat.
1198 3780 1293 3842 Sic
1331 3783 1457 3843 vale
1497 3802 1708 3863 meque
1754 3792 1817 3845 ut
1854 3805 2089 3868 semper
2117 3791 2309 3850 fecisti
2350 3809 2548 3850 amare
2585 3808 2786 3868 perge.

672 3985 816 4047 Dab.
863 3988 1097 4048 Grimae
1145 3986 1200 4045 d.
1251 3985 1369 4045 XX.
1419 4006 1494 4046 m.
1544 3988 1718 4048 Febr.
1767 3990 2237 4053 MDCCCLVIIII.

1941 4120 2032 4153 ns
