3042 4917
511 294 651 387 ᾖ68-
1230 318 1838 368 connnnm'rmnmr
1892 316 2035 368 oAP.
2076 319 2163 372 xv.

555 484 632 539 ita
679 483 883 538 dictum
942 486 1052 544 est,
1107 489 1168 536 ut
1219 499 1322 555 pro
1379 478 1672 537 universali
1728 480 2005 555 singulare
2059 479 2429 536 substituatur
2476 485 2533 534 et
2586 482 2735 536 illud
2780 477 2845 535 ad

557 593 770 659 tempus
825 583 1188 658 potissumum
1243 583 1542 638 reseraturi:
1604 600 1801 638 novom
1860 583 1913 638 id
1966 581 2303 656 exemplum,
2354 582 2500 655 quod
2558 581 2845 656 superiore

561 695 805 761 tempore
851 685 1056 740 editum
1098 691 1198 740 est.
1284 683 1509 740 Minoris
1554 685 1814 740 momenti
1858 691 1970 746 est,
2028 685 2175 759 quod
2228 684 2334 741 hoc
2390 701 2501 739 non
2553 691 2703 741 recte
2746 700 2848 757 per

556 795 644 846 set
690 787 989 862 obponitur
1032 803 1387 860 praegressae
1433 787 1741 842 sententiae
1790 815 1862 826 -
1913 787 1966 842 id
2014 787 2161 860 quod
2202 794 2350 843 recte
2395 785 2501 842 iam
2543 785 2848 858 Herzogius

560 897 806 947 senserat
853 905 967 958 —-‚‚·
993 889 1250 962 quoniam
1296 905 1358 943 ea
1401 886 1693 944 difficultas
1740 886 1957 944 tollitur
2005 887 2277 944 sacilluma
2320 888 2697 944 emendatione
2742 887 2893 941 sci--

559 987 707 1048 licet.
793 991 863 1046 At
899 991 1114 1063 gravius
1161 997 1273 1052 est,
1331 991 1479 1064 quod
1521 990 1596 1046 ita
1642 989 1835 1046 Caesar
1876 989 1993 1064 ipse
2036 990 2141 1047 vim
2182 990 2671 1064 argumentationis
2718 1005 2849 1044 suae

563 1094 788 1156 minuit,
848 1093 894 1148 si
941 1091 1075 1150 illud
1120 1093 1452 1166 exemplum,
1507 1093 1655 1166 quod
1693 1093 2014 1148 decreturus
2056 1100 2140 1148 est
2185 1099 2430 1153 senatus,
2479 1091 2685 1147 bonum
2732 1107 2853 1145 esse

563 1195 912 1252 concesserit.
987 1193 1141 1262 Quod
1183 1194 1346 1250 alicui
1381 1195 1577 1250 merito
1610 1194 1819 1257 accidit,
1858 1194 1978 1251 ideo
2018 1212 2130 1250 non
2164 1195 2368 1251 bonum
2404 1191 2711 1265 exemplum
2752 1198 2852 1252 est,

565 1306 647 1354 set
691 1295 888 1354 malum
931 1297 1150 1371 potius,
1209 1295 1336 1371 quia
1381 1296 1522 1352 idem
1568 1297 1729 1352 etiam
1777 1297 1829 1352 in
1875 1296 2012 1352 alios
2058 1296 2336 1352 statuitur.
2422 1294 2578 1362 Quod
2617 1294 2663 1349 si
2710 1294 2855 1348 dicat

565 1401 768 1456 bonum
827 1396 1130 1472 exemplum
1187 1399 1432 1455 edituros
1472 1415 1593 1454 esse
1632 1405 1943 1460 senatores,
2002 1406 2086 1455 set
2141 1399 2387 1454 futurum
2440 1402 2502 1452 ut
2560 1395 2614 1451 id
2660 1402 2855 1470 postea

566 1501 767 1558 malum
823 1500 934 1562 flat,
985 1499 1254 1555 neminem
1294 1500 1449 1555 facile
1493 1499 1561 1555 ab
1604 1517 1667 1556 ea
1705 1501 1975 1556 sententia
2024 1500 2324 1560 deterreat,
2382 1515 2569 1554 omnes
2624 1497 2857 1552 abusum

569 1621 679 1660 non
724 1600 917 1658 tollere
973 1619 1132 1658 usum
1185 1601 1448 1665 clament,
1497 1602 1661 1676 quod
1702 1602 1837 1658 utile
1886 1603 1956 1658 sit
2002 1619 2147 1658 nunc
2192 1599 2566 1662 statuendum,
2626 1598 2857 1655 abusum

569 1705 859 1762 cavendum
906 1717 1043 1759 esse.
1117 1685 1206 1757 ⁴Ex
1241 1703 1386 1758 omni
1418 1711 1599 1759 autem
1635 1703 1741 1760 loci
1784 1720 2035 1760 connexu
2073 1702 2206 1758 illud
2234 1701 2569 1776 perspicitur
2607 1701 2661 1756 id
2692 1717 2860 1772 agere

571 1807 866 1868 Caesarem,
915 1812 978 1867 ut
1025 1822 1182 1878 quam
1227 1805 1440 1861 malunf
1473 1806 1545 1861 sit
1589 1805 1891 1880 exemplum
1938 1804 2270 1878 gravissume
2310 1804 2589 1865 ostendat,
2641 1809 2705 1858 ut
2746 1809 2863 1856 ter-

572 1926 754 1964 rorem
795 1906 1184 1964 atrocissumae
1226 1907 1613 1962 dominationis
1652 1906 1996 1962 senatoribus
2040 1905 2284 1961 incutiat.
2360 1905 2727 1978 Eo'spectare
2766 1922 2862 1958 ex-

565 2010 765 2085 empla,
813 2026 950 2082 quae
996 2016 1108 2064 tum
1147 2015 1543 2070 conmemorat,
1600 2008 1761 2063 etiam
1819 2008 1942 2062 inde
1981 2006 2347 2080 intellegitur,
2402 2007 2548 2080 quod
2588 2013 2719 2080 po'st
2764 2005 2862 2060 illa

572 2112 783 2186 pergit:
824 2111 1008 2182 Atque
1050 2111 1194 2165 haec
1226 2125 1328 2182 eqo
1359 2127 1471 2166 non
1506 2112 1566 2164 in
1593 2108 1671 2164 M.
1710 2109 1893 2164 Tullio
1922 2125 2105 2180 neque
2134 2109 2223 2164 his
2253 2111 2600 2180 temporibus
2634 2124 2862 2175 vereor,

577 2231 714 2287 quae
758 2213 1119 2286 apertissume
1165 2212 1280 2268 eius
1318 2219 1462 2273 sunt,
1505 2211 1597 2285 qui
1642 2229 1763 2267 cum
1795 2211 2181 2283 gravissumam
2213 2211 2577 2285 suspicionem
2606 2209 2862 2271 moverit,
2927 2223 2931 2226 ·

576 2314 875 2370 iniustitiae
918 2314 1122 2369 crimen
1162 2313 1418 2386 ecfugere
1464 2313 1695 2368 studeat.
1778 2311 1922 2385 Ergo
1971 2313 2241 2368 sententia
2287 2312 2379 2367 illa
2426 2311 2602 2374 hahet,
2650 2311 2704 2366 in
2747 2329 2864 2384 quo

577 2415 774 2472 merito
803 2415 1172 2488 obsentiamus
1229 2414 1308 2470 Ad
1337 2431 1472 2487 quae
1503 2414 1729 2476 adsedit,
1774 2414 1919 2487 quod
1946 2413 2099 2470 nullo
2126 2414 2288 2486 modo
2312 2413 2698 2488 intellegimus,
2732 2413 2868 2487 quid

577 2518 790 2574 tandem
846 2517 1093 2572 homines
1149 2515 1405 2578 moverit,
1468 2523 1530 2571 ut
1598 2533 1719 2572 cum
1788 2516 1853 2571 ad
1906 2517 2067 2572 bonis
2122 2515 2378 2588 subplere
2448 2517 2731 2587 exemplis
2804 2516 2867 2570 in

577 2613 838 2694 promptu
867 2625 1028 2679 esset,
1060 2617 1442 2690 planissumam
1483 2617 1806 2673 sententiam
1843 2617 2171 2692 interposito
2204 2619 2375 2673 rebus
2415 2625 2866 2691 conrumperent.

579 2719 734 2788 Quod
781 2720 827 2774 si
873 2735 950 2774 ecc
987 2720 1160 2774 rebus
1204 2719 1362 2774 bonis
1414 2719 1645 2791 legitur,
1710 2720 2033 2775 sententiam
2089 2719 2227 2774 hanc
2283 2737 2401 2775 esse
2442 2726 2623 2793 patet:
2680 2720 2867 2774 omnia

577 2822 716 2878 mala
757 2819 1000 2894 exempla
1037 2838 1101 2876 ex
1131 2821 1410 2895 prosperis
1443 2809 1627 2877 rerum
1658 2821 2065 2877 conditionibus
2100 2827 2219 2875 orta
2254 2829 2383 2876 sunt
2416 2821 2449 2875 i.
2482 2839 2529 2876 e.
2560 2837 2869 2894 prosperae

579 2941 764 2980 rerum
806 2923 1146 2980 conditiones
1190 2939 1405 2996 semper
1449 2923 1697 2980 homines
1741 2923 1997 2979 induxere
2055 2930 2117 2978 ut
2170 2921 2310 2978 mala
2358 2921 2599 2996 exempla
2656 2930 2868 2979 statue-

579 3025 962 3088 rent,=malum
1005 3042 1124 3080 esse
1169 3025 1317 3100 quod
1363 3025 1416 3081 in
1463 3025 1627 3080 relius
1665 3025 1947 3098 prosperis
1997 3024 2202 3080 bonum
2247 3031 2302 3079 et
2344 3023 2478 3080 utile
2522 3023 2697 3079 visum
2744 3033 2869 3080 erat

579 3135 770 3202 postea
813 3127 1028 3184 demum
1067 3127 1347 3200 cognitum
1392 3134 1492 3183 est.
1581 3125 1725 3194 Quae
1766 3125 2035 3182 sententia
2073 3126 2371 3201 aptissuma
2412 3133 2497 3180 est
2540 3126 2605 3180 ad
2647 3143 2871 3198 praecc-

579 3229 792 3286 dentia:
831 3247 1026 3285 moneo
1063 3247 1154 3284 vos
1199 3235 1261 3283 ut
1289 3229 1521 3285 caveatis
1558 3245 1625 3283 ne
1670 3228 1798 3301 quid
1843 3227 2208 3284 inconsultius
2240 3228 2512 3290 statuatis,
2552 3244 2619 3282 ne
2664 3227 2871 3284 malum

581 3331 885 3404 exemplum
929 3330 1128 3393 edatis;
1185 3347 1307 3384 nam
1352 3348 1456 3385 usu
1499 3335 1823 3402 conpertum
1869 3337 1953 3384 est
2012 3328 2190 3384 omnia
2232 3328 2370 3384 mala
2416 3327 2684 3402 exempla,
2742 3348 2871 3385 cum

581 3451 670 3489 res
706 3449 1004 3506 prosperae
1047 3427 1375 3492 viderentur,
1423 3430 1567 3486 edita
1602 3447 1748 3494 esse;
1794 3429 2090 3504 aptissuma
2132 3438 2216 3484 est
2248 3431 2313 3487 ad
2352 3430 2655 3504 sequentia,
2700 3433 2870 3487 modo

585 3553 686 3608 pro
743 3540 829 3587 set
885 3533 1155 3588 scribatur
1201 3534 1446 3587 scilicet:
1503 3538 1697 3587 natura
1748 3531 1955 3588 scilicet
2004 3531 2088 3593 fit,
2156 3539 2219 3586 ut
2279 3549 2477 3588 novum
2543 3531 2870 3606 exemplum,

589 3635 735 3708 quod
785 3633 926 3688 felici
971 3635 1049 3690 rei
1093 3633 1342 3708 publicae
1387 3634 1700 3690 conditione
1753 3634 2111 3690 constitutum
2156 3640 2266 3696 est,
2326 3634 2419 3690 ubi
2486 3634 2758 3716 inperium
2804 3636 2873 3690 ad

587 3736 766 3792 minus
813 3737 988 3792 honos
1025 3737 1358 3811 pervenerit,
1415 3737 1677 3793 advorsus
1727 3753 1837 3790 non
1879 3735 2137 3791 merentis
2193 3731 2526 3792 adhibeatur.
2606 3734 2875 3792 Convenit

587 3856 757 3914 porro
815 3855 876 3893 ea
929 3840 1195 3894 sententia
1245 3857 1364 3895 cum
1418 3838 1677 3913 exemplis
1732 3837 2168 3894 conmemoratis.
2270 3837 2401 3893 Nam
2463 3853 2585 3893 cum
2643 3838 2876 3910 triginta

586 3940 705 4002 viri,
753 3940 846 4014 qui
889 3941 1114 3996 Athenis
1155 3940 1483 4014 inperavere,
1517 3946 1573 3996 et
1618 3937 1765 3994 Sulla
1806 3947 2125 4012 recuperata
2166 3956 2225 3994 re
2256 3938 2473 4012 publica
2501 3955 2622 3995 cum
2660 3957 2876 3995 summa

589 4042 806 4098 licentia
844 4050 1118 4116 potestate
1159 4041 1531 4105 abuterentur,
1569 4041 1713 4114 quod
1749 4041 2000 4123 salutare,
2034 4042 2287 4103 faustum,
2318 4040 2523 4096 laetum
2548 4040 2724 4095 visum
2754 4049 2879 4097 erat

591 4144 738 4217 quod
783 4124 1146 4201 felicissumus
1186 4143 1289 4200 sihi
1335 4143 1480 4198 visus
1522 4160 1732 4198 summa
1775 4142 2053 4198 voluntate
2098 4141 2206 4196 illis
2244 4143 2593 4216 permiserat,
2646 4141 2704 4196 in
2748 4159 2877 4215 per-

587 4244 784 4302 niciem
826 4263 886 4301 ac
929 4247 1202 4302 miseriam
1232 4262 1557 4301 convorsum
1592 4263 1711 4301 esse
1751 4261 1961 4300 summo
1999 4262 2121 4300 cum
2156 4243 2348 4299 dolore
2386 4242 2623 4317 populus
2666 4261 2876 4317 cogno-

561 4347 681 4418 ³vit.
766 4347 1024 4402 Convenit
1060 4348 1294 4420 denique
1339 4363 1459 4403 cum
1499 4347 1673 4404 omnis
1720 4346 2207 4420 argumentationis
2252 4344 2621 4403 conclusione.
2702 4345 2873 4410 Nunc,
