3042 4917
891 310 1500 353 conunnmmonnm
1546 310 1688 351 car.
1731 311 1773 349 1-.
2456 292 2493 353 3

378 464 415 518 1.
465 464 634 522 Primi
681 464 852 537 igitur
895 464 1114 537 generis
1158 464 1260 520 hos
1299 472 1529 519 nanctus
1572 480 1721 539 sum:

289 575 332 625 l.
374 567 440 629 P,
484 547 764 621 Parisinus
798 560 842 639 ¹)
902 565 1174 622 Sorbonn.
1221 574 1326 625 500
1375 564 1655 637 (nouveau
1706 565 1867 621 fonds
1910 565 1977 620 de
2020 564 2070 621 la
2119 564 2493 639 bibliotheque

376 652 693 741 imperiale),
740 684 877 723 saec.
923 668 969 723 X
993 662 1058 741 ²).
1139 668 1196 723 111
1232 668 1408 741 prima
1452 668 1651 741 pagina
1694 666 1911 723 litterae
1956 666 2353 741 aliquantulum
2398 668 2493 725 ob—

373 776 620 825 scuratae
671 776 824 831 sunt,
881 777 943 824 ut
993 785 1063 825 ne
1117 769 1352 825 discerni
1408 770 1624 842 quidem
1675 770 1853 843 possit
1922 776 2103 824 utrum
2158 786 2492 843 praenomen

375 870 663 944 scriptoris
699 871 752 925 in
798 870 965 926 titulo
1015 870 1072 926 C.
1119 888 1185 927 an
1219 872 1282 927 G.
1327 872 1415 935 sit,
1464 888 1788 945 quamquam
1832 872 1895 926 ad
1938 870 2101 927 11116111
2144 869 2399 928 Catilinae
2432 872 2489 928 C.

374 972 664 1046 perspicue
697 972 962 1046 scriptum
1003 979 1103 1029 est.
1193 972 1387 1028 Ultima
1433 972 1565 1053 solia
1610 973 1820 1046 aliquot
1872 972 2009 1029 locis
2060 971 2308 1028 mutilata
2363 982 2492 1029 sunt

373 1090 550 1146 eoque
599 1074 800 1129 sactum
849 1082 932 1129 ut·
963 1073 1126 1129 verba
1171 1084 1409 1129 extrema
1453 1072 1567 1146 lug.
1609 1074 1675 1129 ab
1726 1080 1851 1137 112,
1898 1081 1934 1133 3
1974 1076 2253 1145 colloquio
2296 1076 2493 1131 decre-

373 1184 493 1231 tum
550 1193 781 1249 prorsus
841 1176 1124 1250 perierint.
1226 1177 1283 1231 In
1337 1176 1611 1250 principio
1662 1176 1927 1254 scriptum
1970 1184 2085 1231 est:
2134 1175 2191 1231 C.
2235 1174 2497 1233 Sallustii

376 1278 570 1348 Crispi
605 1278 810 1333 bellum
853 1278 1268 1333 Catulinarium
1317 1276 1488 1352 (quae
1543 1277 1813 1351 scriptura
1868 1276 2105 1332 fortasse
2165 1293 2277 1333 non
2331 1296 2491 1352 pror·

373 1396 468 1435 sus
534 1377 872 1452 neglegenda
939 1387 1056 1441 est,
1114 1397 1235 1435 cum
1294 1378 1668 1435 testimonium
1725 1378 1913 1433 haberi
1965 1379 2143 1452 possit
2210 1380 2328 1435 eius
2393 1397 2490 1435 no—

371 1481 534 1535 minis
589 1480 813 1542 formae,
871 1498 976 1554 qua
1033 1480 1130 1535 Th.
1186 1481 1571 1536 Mommsenius
1627 1480 1888 1536 utendum
1932 1479 2169 1553 putavit,
2228 1480 2489 1555 Catalina)

369 1584 606 1653 incipit,
659 1582 714 1637 in
772 1581 878 1639 fine
937 1582 1055 1638 eius
1103 1582 1262 1638 libri:
1334 1582 1392 1637 C.
1438 1581 1699 1657 Sallustii
1752 1582 1943 1653 Crispi
1992 1582 2197 1637 bellum
2252 1582 2490 1639 Catilina

372 1686 632 1755 explicit.
697 1685 899 1755 incipit
953 1683 1389 1757 quartlzinum,
1451 1701 1589 1758 quae
1633 1702 1662 1738 a
1713 1683 2024 1757 posteriore
2080 1700 2241 1739 manu
2284 1667 2490 1741 adiecta¹

371 1803 494 1842 esse
542 1787 784 1860 adparet.
867 1800 938 1841 ae
991 1794 1046 1841 et
1103 1802 1167 1842 oe
1213 1788 1328 1842 fere
1373 1802 1589 1859 semper
1629 1784 1791 1859 plene
1836 1785 2039 1859 scripta
2082 1794 2241 1848 sunt,
2288 1803 2415 1843 raro
2458 1803 2489 1843 e

371 1906 474 1961 pro
515 1904 601 1955 ae,
645 1887 859 1961 saepius
893 1903 962 1943 ae
991 1905 1094 1961 pro
1129 1904 1160 1943 e
1197 1887 1328 1960 (Cat.
1361 1897 1392 1947 5
1426 1894 1657 1959 atquae,
1696 1893 1727 1947 7
1759 1888 1973 1955 braevi,
2017 1894 2051 1947 9
2084 1890 2487 1959 rellinquaere,

367 1988 478 2062 al.),
567 1989 642 2043 Ex
683 1990 868 2046 codice
929 2006 1050 2045 eum
1100 1990 1300 2045 librum
1342 1990 1671 2063 exscriptum
1714 2006 1835 2045 esse
1884 1990 1977 2062 qui
2024 2007 2061 2045 a
2105 1997 2352 2063 apertum
2395 1989 2489 2044 ha-

367 2090 565 2153 buerit,
611 2090 782 2147 multa
829 2092 1028 2147 docent
1074 2090 1216 2164 (Cat.
1268 2097 1299 2151 7
1345 2092 1659 2160 habebunt,
1716 2098 1787 2151 23
1830 2092 2107 2158 obnoxia,
2163 2098 2233 2150 30
2270 2090 2485 2164 totum),

369 2210 470 2248 nec
523 2193 701 2247 minus
755 2193 979 2266 adparet
1028 2194 1309 2250 librarium
1365 2194 1420 2248 in
1469 2192 1702 2266 legendo
1752 2192 2049 2266 archetypo
2096 2210 2258 2266 saepe
2313 2193 2487 2249 haesi-

372 2301 547 2357 tasse,
612 2311 712 2349 nec
763 2311 894 2349 vero
967 2296 1258 2369 quidquam
1321 2296 1553 2369 proprio
1612 2289 1785 2349 marte'
1834 2294 2119 2350 divinasse.
2217 2293 2487 2350 Nonnulla

366 2396 561 2450 menda
612 2396 797 2451 eadem
841 2412 1032 2452 manus
1077 2398 1366 2453 correxit·
1417 2373 1667 2465 Quamvis
1723 2396 1856 2456 satis
1910 2402 2231 2451 constanter
2282 2396 2485 2453 formas

367 2495 620 2569 volgares
678 2498 928 2553 exhibeat
972 2497 1286 2571 (genetivos
1342 2500 1545 2555 secdae
1586 2497 1720 2554 decl.
1768 2497 2153 2554 vocabulorum
2198 2498 2254 2552 in
2295 2478 2388 2555 ize—s
2432 2506 2487 2554 et

369 2576 489 2655 ἰῖιῖη-
527 2616 742 2672 semper
782 2601 850 2667 ii,
898 2600 1198 2674 eodemque
1227 2600 1390 2656 modo
1436 2618 1653 2682 semper
1696 2602 1801 2667 dii,
1848 2601 1959 2655 diis
1999 2600 2148 2662 sim.,
2195 2599 2325 2655 item
2368 2602 2487 2657 vul—

366 2716 478 2774 qus
529 2702 717 2756 vultus
773 2703 894 2758 vult
934 2701 1003 2757 al.
1062 2702 1115 2757 id
1170 2720 1344 2775 genus
1389 2696 1463 2775 3),
1521 2704 1653 2759 libet
1707 2703 1911 2770 libide,
1954 2702 2117 2757 haud
2154 2700 2262 2775 al.),
2308 2711 2486 2757 tamen

367 2802 649 2859 nonnullis
678 2802 812 2858 locis
843 2804 1182 2876 antiquiores
1213 2804 1442 2860 servavit
1481 2803 1685 2876 (statim
1726 2804 1780 2859 in
1820 2804 2089 2878 principio
2134 2806 2331 2871 omnia,
2372 2812 2485 2860 tum

365 2905 654 2976 intelleqit.
727 2904 880 2972 Quod
915 2905 1027 2979 lug.
1067 2912 1150 2969 37,
1181 2912 1216 2965 4
1257 2905 1474 2961 exhibet
1507 2906 1858 2984 messaara&
1905 2906 1959 2960 111
2000 2906 2297 2980 archetypo
2330 2908 2513 2993 them‘

365 3023 577 3065 sauros
623 3006 792 3063 fuisse
838 3008 1028 3063 testari
1071 3006 1321 3081 videtur).
1409 3008 1449 3064 Ῐι
1493 3008 1829 3081 saepissume
1868 3006 2145 3063 vocalibus
2188 3008 2486 3081 praefixum

369 3109 612 3181 (ho-neri
665 3109 776 3165 eat,
835 3116 884 3167 2.
953 3110 1396 3167 nichilhominus
1461 3117 1509 3170 3.
1570 3090 1931 3182 abhoriqines
1994 3114 2044 3169 6.
2096 3109 2329 3164 inker-at
2378 3108 2483 3181 25),

365 3230 468 3268 nec
518 3212 696 3267 minus
751 3229 914 3286 saepe
969 3212 1040 3267 elz
1092 3229 1196 3285 pro
1251 3212 1288 3267 lz
1348 3212 1613 3285 scriptum
1670 3209 1891 3281 (michi,
1947 3210 2168 3279 nichil).
2258 3208 2485 3266 Glossae

367 3330 572 3387 paucae
629 3313 696 3369 ab
749 3314 932 3369 eadem
967 3300 1147 3369 'manu
1199 3313 1604 3388 superscriptae
1648 3294 1872 3385 sunt‚4),'
1921 3312 2051 3367 item
2092 3312 2482 3375 correctiones,

367 3416 422 3471 in
469 3414 666 3490 quibus
710 3415 1005 3471 nonnullae
1049 3414 1233 3471 littera
1277 3433 1470 3489 graeca
1513 3413 1581 3471 A
1624 3422 1871 3478 notatae,
1925 3431 2029 3489 pro
2074 3432 2179 3488 qua
2230 3414 2311 3469 bis
2362 3416 2485 3470 dia-

260 3580 316 3648 1)
345 3580 583 3631 Codices
598 3582 881 3631 Parisinos
892 3596 1069 3629 meum
1082 3582 1139 3630 in
1157 3596 1313 3631 usum
1367 3582 1615 3645 ancienS,
1632 3582 1725 3647 qui
1739 3581 1978 3629 existent
1990 3580 2127 3641 dans
2139 3580 2192 3629 16
2207 3596 2483 3645 royaume,

185 3666 434 3719 contulit
484 3667 700 3715 iuvenis
748 3666 1110 3716 doctissumus
1158 3666 1345 3729 Hun··,
1367 3667 1617 3716 contient
1639 3666 1696 3715 la
1722 3681 1917 3731 guerre
1955 3664 2020 3714 de
2060 3664 2308 3714 Catilina
2334 3670 2389 3715 et
2418 3666 2486 3714 de

185 3754 369 3814 ziker,
411 3750 688 3816 quem,'ut
722 3752 778 3800 in
801 3751 1076 3817 principio
1102 3752 1315 3816 negotii
1352 3750 1641 3815 ..Iugurtha
1676 3766 1778 3816 par
1814 3750 2007 3815 Crispe
2044 3746 2301 3800 Salluste.

183 3840 371 3887 minus
412 3835 590 3885 adhuc
615 3841 870 3887 vorsatus
903 3836 1090 3899 fuerit,
1127 3841 1316 3885 tamen
1435 3835 1488 3900 3)
1527 3836 1754 3901 Semper
1788 3852 1909 3894 cum,
1946 3850 2215 3899 nusquam
2253 3850 2423 3907 quom..

185 3936 406 3973 summa
451 3920 748 3985 diligentia.
793 3936 950 3971 usum
987 3934 1108 3971 esse
1145 3922 1315 3971 maxi·
1436 3919 1488 3985 4)
1528 3921 1686 3983 Quod
1734 3922 1853 3985 Iug.
1900 3918 1994 3982 90,
2049 3918 2075 3967 l
2122 3934 2285 3984 super
2330 3934 2482 3983 agen-

186 4022 390 4072 meque
438 4006 499 4054 in
535 4006 616 4056 eis
651 4006 842 4070 libris,
893 4006 987 4070 qui
1026 4022 1124 4071 pro
1163 4011 1317 4071 optu-
1369 4006 1483 4055 dam
1501 4007 1765 4070 scriptum
1786 4010 1870 4055 est
1886 4005 2187 4066 minandum,
2208 4003 2335 4053 inde
2358 4019 2485 4053 con-

187 4094 296 4141 mis
322 4090 569 4140 habendi
595 4096 739 4153 sunt,
777 4091 964 4141 multis
993 4091 1128 4140 mihi
1153 4092 1316 4141 (locu—
1369 4090 1511 4140 icias
1567 4090 1815 4140 codicem
1864 4089 1933 4139 ab
1978 4088 2197 4137 homine
2242 4088 2485 4136 Franco-

188 4177 398 4226 mentis
437 4180 758 4242 conpertum
789 4180 890 4227 est.
1371 4176 1519 4241 gallo
1566 4175 1827 4238 scriptum
1880 4170 2147 4236 (mener).
2219 4172 2339 4233 Quo
2377 4172 2485 4222 for-

259 4260 588 4327 2)Inprimo
608 4260 1092 4311 vacuofoliohaec
1107 4260 1318 4325 scripta.
1370 4265 1520 4309 tasse
1556 4259 1800 4324 pertinet
1846 4258 2015 4308 etiam
2062 4256 2346 4321 scriptura.-
2373 4259 2485 4307 lan-

189 4352 350 4397 sunt:
391 4344 470 4395 Oe
507 4346 610 4396 Ms.
646 4352 781 4412 peut
813 4346 930 4397 6116
965 4361 1040 4395 un
1064 4346 1160 4395 des
1194 4346 1318 4410 plus
1365 4360 1470 4409 qua
1505 4342 1629 4394 Cat.
1666 4342 1719 4394 6.

1998 4427 2085 4486 1*
