3042 4917
865 298 1471 347 conunNrArloNum
1520 296 1663 345 cAr.
1710 299 1777 345 11.
2016 286 2048 312 ⁸²
2386 278 2469 343 29

175 468 223 523 5,
265 456 361 531 4)‘?
454 454 650 526 Quidni
690 458 862 531 igitur
908 454 1072 513 simili
1107 459 1282 533 lapsu,
1325 438 1578 533 quffffiam
1613 458 1750 515 alios
1789 456 2039 561 indibris
2076 457 2469 513 vetustioribus

175 559 432 615 omnibus
479 576 696 616 errores
740 568 900 617 natos
935 578 1058 617 esse
1100 561 1345 624 vidimus,
1389 568 1516 635 post
1561 562 1888 617 Sintulanda
1928 559 2194 616 excidisse
2239 576 2311 615 ae
2352 560 2466 615 dis-

171 662 505 717 simulanda
545 664 882 719 statuamus?

345 762 463 835 lug.
523 770 651 827 100,
692 772 720 822 1
778 759 1139 821 vetustiorum
1197 764 1462 821 librorum
1519 763 1847 837 scripturam
1900 762 2047 818 Dein
2101 760 2330 819 Marius
2382 764 2471 817 uti

171 870 448 937 coeperat
475 866 534 921 in
577 865 820 921 hiberna
854 873 1108 938 propter
1149 872 1504 922 conmeatum
1552 867 1613 921 in
1660 866 1887 937 oppidis
1929 848 2251 919 maritumis
2292 880 2467 935 ayere

172 970 518 1023 decreverat
558 983 669 1023 non
702 966 778 1023 it'a
806 985 972 1041 posse
1015 968 1232 1025 defendi
1262 976 1324 1023 ut
1365 966 1575 1041 ellipsis
1615 974 1889 1023 statuatur
1931 966 2251 1022 rectissume
2282 974 2467 1021 osten-

173 1069 254 1123 dit
298 1069 389 1123 W.
437 1066 726 1141 Kergelius
770 1069 830 1125 N.
876 1070 1013 1125 Ann.
1059 1068 1256 1125 LXXIII
1298 1088 1352 1144 p.
1399 1078 1519 1129 451.
1604 1066 1698 1125 Set
1740 1068 1796 1125 in
1840 1068 2137 1143 archetypo
2177 1068 2280 1124 iam
2322 1066 2467 1123 lacu-

172 1188 296 1226 nam
343 1169 516 1225 Inisse
555 1187 620 1225 ex
664 1188 861 1244 magno
905 1171 1170 1228 librorum
1207 1172 1368 1245 primi
1407 1172 1627 1245 generis
1656 1188 1926 1226 consensu
1968 1170 2332 1226 manufestum
2364 1178 2465 1232 est,

171 1270 338 1346 atque
389 1272 445 1326 in
491 1271 585 1327 illo
635 1272 792 1328 verba
851 1272 1142 1330 obscurata
1199 1272 1369 1328 fuisse
1427 1290 1492 1328 ex
1538 1274 1581 1328 P
1626 1274 1897 1348 scriptura
1950 1272 2083 1327 satis
2140 1279 2293 1327 certo
2336 1289 2467 1328 con-

171 1373 317 1452 cludi
363 1374 578 1430 videtur
620 1391 814 1447 posse,
873 1374 1078 1448 quippe
1129 1376 1184 1430 in
1243 1392 1352 1447 quo
1408 1374 1570 1429 etiam
1628 1373 1885 1431 vocabula
1928 1380 2168 1446 ceperat
2205 1374 2465 1445 hyberna

172 1494 340 1549 supra
387 1474 584 1531 lineam
633 1475 832 1549 scripta
873 1476 1012 1539 sint,
1070 1476 1144 1533 ita
1199 1483 1260 1531 ut
1305 1476 1440 1531 adeo
1485 1478 1546 1531 in
1591 1476 1657 1531 ab
1696 1476 1934 1532 librariis
1976 1493 2075 1532 suo
2118 1484 2293 1531 marte
2340 1476 2466 1530 suh-

171 1577 384 1651 pletum
424 1576 684 1633 videatur.
769 1578 1214 1651 Antiquissumus
1251 1576 1420 1639 liber,
1465 1578 1518 1632 in
1565 1596 1674 1652 quo
1718 1577 1942 1633 lacunae
1986 1574 2278 1651 explendae
2323 1577 2466 1651 peri-

171 1680 355 1735 culum
413 1678 615 1734 sactum
661 1679 948 1742 invenitur,
992 1680 1030 1733 B
1069 1688 1180 1744 est;
1227 1697 1349 1735 nam
1393 1680 1440 1735 si
1485 1679 1652 1743 illud,
1694 1680 1838 1753 quod
1892 1680 1945 1735 in
1991 1696 2057 1735 eo
2102 1679 2235 1742 suit,
2284 1680 2337 1735 in
2382 1697 2467 1735 ar—

171 1782 413 1855 chetypo
458 1780 746 1855 perspicue
781 1782 1046 1856 scriptum
1093 1781 1316 1843 fuisset,
1373 1781 1539 1854 prior*
1582 1800 1708 1855 pars
1753 1781 1902 1837 verbi
1954 1782 2117 1837 credo
2158 1798 2267 1837 non
2314 1798 2469 1837 erasa
2564 1796 2583 1817 ⁴

173 1891 338 1946 esset,
387 1900 453 1937 ex
497 1884 652 1938 cuius
697 1900 918 1939 rasurae
961 1883 1168 1939 ambitu
1206 1886 1402 1955 peryit
1450 1884 1637 1957 potius
1686 1900 1846 1957 quam
1894 1884 2292 1955 proficiscitur
2332 1882 2466 1938 illud

172 1984 342 2040 fuisse
391 1984 502 2039 veri
543 1985 972 2065 similetvidetur
1019 1978 1088 2056 ¹)..
1175 1985 1301 2043 Inde
1359 1968 1546 2040 natum
1588 1993 1671 2040 cst
1704 1987 1775 2051 it,
1839 1984 1983 2056 quod
2028 1984 2095 2039 ab
2135 1978 2204 2038 P²
2247 2002 2348 2057 per
2380 2001 2467 2039 re-

171 2086 450 2142 centiores
495 2085 791 2160 plerosque
833 2087 1005 2143 libros
1051 2096 1414 2161 propagatum
1461 2094 1573 2149 est,
1622 2086 1767 2159 quod
1814 2086 1945 2141 ferri
1989 2086 2075 2142 vix
2113 2082 2277 2159 posse
2315 2095 2463 2141 recte

172 2186 464 2260 Kergelius
508 2187 546 2241 l.
590 2206 634 2242 c.
679 2188 976 2249 contendit.
1067 2188 1161 2245 Set
1195 2190 1614 2260 proficiscitur,
1654 2188 1809 2262 *quod
1850 2186 2099 2242 nonnulli
2142 2187 2467 2243 recentioris

173 2290 370 2345 aetatis
418 2288 545 2343 lib-ri
589 2289 867 2352 exhibent,
924 2308 1052 2346 vere
1100 2285 1167 2346 ab
1213 2289 1474 2347 Sallustio
1528 2290 1791 2364 scriptum
1838 2306 1959 2345 esse
2012 2289 2311 2346 concedere
2354 2307 2468 2346 non

173 2409 404 2464 possum
451 2391 594 2463 quia,
648 2398 711 2446 ut
758 2392 812 2447 in
853 2392 1154 2467 archetypo
1199 2392 1266 2447 ab
1303 2392 1704 2464 proficiscitur
1744 2392 1808 2447 ad
1847 2400 2096 2463 propter
2142 2392 2213 2448 ob
2257 2392 2467 2454 littera-

171 2510 290 2548 rum
340 2490 755 2549 similitudinem
799 2494 1112 2550 aberratum
1159 2482 1436 2550 essenon
1481 2511 1711 2568 prorsus
1768 2493 1835 2549 ab
1885 2494 1999 2549 veri
2046 2494 2225 2568 specie
2270 2493 2469 2551 ahhor-

172 2612 292 2651 rere
339 2594 578 2666 largiar,
645 2603 824 2651 tamen
875 2596 1164 2671 scriptoris
1214 2595 1529 2668 diligentiae
1587 2596 1717 2659 fuit,
1776 2602 1837 2651 ut
1890 2596 2114 2651 Marium
2172 2596 2227 2651 in
2273 2597 2467 2653 itinere

171 2696 484 2769 perrexisse
529 2697 731 2769 potiuS,
777 2715 804 2752 a
847 2700 1140 2773 proposito
1185 2715 1287 2754 suo
1327 2696 1427 2771 (uti
1473 2699 1769 2772 coeperat)
1819 2698 2033 2771 proelio
2080 2697 2174 2773 illo
2221 2717 2333 2756 non
2376 2700 2469 2755 ab·

173 2798 396 2859 ductum
441 2816 564 2853 esse
607 2799 841 2862 diceret,
895 2817 1056 2873 quam
1101 2800 1290 2856 eodem
1335 2800 1533 2862 verbo,
1590 2818 1699 2874 quo
1749 2818 1913 2875 supra
1958 2806 2056 2863 97,
2102 2809 2151 2864 3,
2197 2793 2464 2865 uteretur,

173 2900 498 2972 praesertim
539 2918 662 2956 cum
705 2902 759 2955 in
805 2920 870 2957 eo
911 2901 1121 2958 itineris
1170 2902 1463 2976 incipiundi
1524 2903 1697 2975 magis
1753 2920 1913 2976 quam
1966 2903 2314 2959 continuandi
2372 2922 2469 2959 no-

176 3002 380 3057 tionem
429 3002 608 3058 inesse
649 3004 981 3060 ostenderim
1025 3003 1181 3061 Obss,
1221 3004 1366 3059 critt.
1414 3004 1468 3059 in
1498 3004 1613 3077 lug.
1656 3013 1869 3082 partem
1910 3012 2043 3061 extr.
2090 3004 2299 3061 Grimae
2335 3013 2467 3065 1845

173 3122 224 3175 p.
271 3110 356 3165 17.
450 3102 621 3159 Etiam
669 3104 840 3161 multo
886 3106 1066 3162 minus
1111 3121 1260 3177 quae
1310 3105 1456 3179 quod
1519 3106 1575 3161 in
1616 3106 1819 3161 eisdem
1866 3106 2264 3161 recentioribus
2311 3107 2467 3163 libris

179 3234 250 3244 —-
291 3213 380 3261 set
425 3222 537 3261 non
583 3206 834 3262 omnihus
879 3236 953 3247 —
1002 3208 1231 3263 inditum
1277 3214 1388 3269 est,
1445 3208 1512 3263 ab
1558 3206 1819 3263 Sallustio
1864 3207 2127 3281 scriptum
2172 3225 2293 3263 esse
2342 3226 2467 3282 per-

175 3307 404 3363 suadere
436 3307 568 3362 mihi
600 3326 841 3381 possum,
886 3326 1008 3365 cum
1039 3326 1218 3383 neque
1253 3309 1558 3384 exemplum
1590 3310 1847 3373 noverim,
1892 3310 1986 3365 uhi
2016 3309 2259 3366 hiberna
2292 3326 2467 3383 ayere

174 3408 374 3465 dictum
420 3408 510 3470 sit,
556 3408 608 3464 id
636 3410 781 3483 quod
806 3428 872 3467 eo
899 3411 1159 3467 maiorem
1181 3410 1579 3478 dubitationem
1602 3420 1906 3475 conmovet,
1945 3412 2071 3486 quia
2094 3412 2333 3477 hiberna,
2360 3414 2393 3468 i.
2420 3431 2469 3469 e.

175 3520 347 3567 castra
380 3509 626 3579 hiberna,
661 3511 930 3568 habentur
971 3513 1158 3587 potius
1203 3529 1361 3587 quam
1393 3521 1651 3585 aguntur,
1698 3522 1752 3569 et
1790 3513 2013 3570 Sallusti
2057 3516 2469 3593 consuetudinis

175 3612 542 3668 consideratio
589 3630 654 3669 eo
701 3614 888 3687 potius
927 3615 1104 3677 ducat,
1153 3622 1215 3672 ut
1265 3630 1438 3688 ayere
1483 3615 1734 3672 absolute
1776 3616 1979 3674 dictum
2021 3636 2141 3674 esse
2190 3626 2469 3694 exspecte-

176 3730 308 3769 mus,
401 3714 583 3787 Igitur·
627 3714 756 3788 quid
798 3715 1090 3773 Sallustius
1136 3717 1436 3791 scripserit,
1485 3717 1541 3771 in
1588 3718 1796 3775 incerto
1835 3719 2249 3793 relinquendum
2284 3728 2367 3775 est
2400 3737 2467 3775 eo

177 3817 361 3889 magis,
411 3816 559 3889 quod
602 3833 925 3891 quamquam
968 3834 1137 3875 unum
1179 3825 1390 3875 tantum
1437 3819 1659 3877 verbum
1702 3820 1965 3878 excidisse
1994 3823 2105 3877 veri
2152 3820 2325 3876 simile
2365 3829 2465 3882 est,

179 3924 352 3974 tamen
407 3917 568 3992 plura
614 3919 814 3975 omissa
851 3937 971 3977 esse
1007 3919 1161 3977 nullo
1205 3929 1360 3978 certo
1401 3930 1725 3994 argumento
1764 3925 1952 3996 negari
1995 3932 2197 3997 potest.

247 4080 294 4147 1)
321 4082 482 4145 Quod
507 4083 564 4133 in
578 4082 646 4133 P³
659 4087 1087 4152 superscriptum
1110 4092 1194 4137 est
1218 4088 1292 4149 id,
1345 4086 1465 4137 sive
1501 4104 1668 4153 super
1691 4088 1897 4138 lineam
1926 4089 2043 4139 sive
2070 4090 2129 4137 in
2152 4094 2307 4138 textu
2332 4090 2465 4139 scri·

180 4164 301 4215 inde
320 4168 447 4217 luce
473 4169 677 4219 clarius
705 4170 938 4235 adparet
961 4172 1020 4220 in
1033 4188 1097 4222 eo
1113 4188 1293 4221 exem·
1346 4179 1498 4235 ptum
1538 4166 1703 4235 esset{
1743 4174 1856 4237 legi
1882 4190 1991 4223 non
2016 4175 2280 4238 potuisse.
2338 4175 2464 4225 Vid.

179 4251 336 4315 plari,
374 4254 519 4302 unde
556 4260 786 4319 uterque
825 4255 966 4305 liber
1001 4257 1292 4306 transsori-
1347 4273 1466 4321 sup.
1504 4274 1560 4321 p.
1598 4258 1646 4307 5.

179 4340 302 4399 ptus
347 4341 458 4401 est,
507 4338 652 4402 quod
699 4340 815 4391 sive
865 4339 935 4389 ad
972 4342 1294 4405 marginem,
