3042 4917
912 353 1524 398 conunnvrAmon-un
1570 352 1712 394 oAP.
1743 351 1805 394 v.
2365 327 2472 390 121

193 518 417 575 dictum·
445 516 534 578 sit,
580 513 666 570 vix
709 519 794 570 est
838 511 984 586 quod
1012 508 1263 586 pluribus
1300 511 1521 568 doceam
1553 507 1675 581 (vid.
1719 525 1856 584 quae
1890 506 2019 564 olim
2051 506 2118 562 ad
2148 504 2262 579 lug.
2293 523 2347 580 p.
2383 509 2490 565 260

194 617 532 694 disputavi),
592 633 691 674 nec
730 615 905 688 magis
948 615 1164 670 intueri
1203 631 1354 671 esse:
1410 619 1538 668 ante
1594 611 1784 669 oculos
1839 609 2069 678 babere,
2121 607 2486 669 considerare,

197 738 445 778 maxume
482 721 541 776 in
583 717 797 775 talibus'
829 716 1011 779 rebus,
1057 717 1201 774 unde
1243 715 1538 772 consilium
1578 714 1842 791 capiatur.

342 858 485 930 ‘Iug.
533 862 616 918 46,
662 863 687 913 l
730 871 853 910 cum
896 854 1107 910 Kritzio
1151 853 1345 930 scripsi
1387 854 1560 909 simul
1612 854 1681 909 de
1732 852 2060 907 innocentia
2111 850 2235 905 eius
2276 849 2490 924 certior

199 961 388 1015 Roma
442 958 672 1030 factus,
729 972 1051 1030 quamquam
1110 956 1166 1011 in
1226 955 1475 1012 omnibus
1537 952 1762 1010 Sallusti
1826 953 1980 1009 libris
2038 968 2199 1008 manu
2271 950 2490 1026 scriptis

200 1064 421 1118 Romae
464 1060 683 1134 legitur,
728 1075 840 1113 non
882 1076 992 1133 quo
1037 1057 1175 1114 Noni
1220 1057 1376 1113 libris
1422 1065 1632 1113 tantum
1680 1055 2029 1112 tribuendum
2071 1063 2348 1129 putarem,
2405 1058 2491 1108 set

202 1165 329 1238 quia
378 1163 429 1219 id
475 1169 669 1218 natura
722 1159 831 1216 loci
884 1159 1168 1234 postulare
1224 1159 1524 1225 videbatur.
1613 1157 1822 1214 Etenim
1879 1160 2050 1213 simul
2096 1173 2288 1230 parum
2343 1161 2491 1210 recte

200 1267 408 1322 dictum
437 1270 538 1325 est,
585 1262 690 1318 nisi
724 1260 871 1335 quod
916 1269 1045 1324 tum,
1092 1278 1204 1318 non
1248 1260 1461 1318 duobus
1506 1259 1662 1316 annis
1703 1267 1830 1316 ante
1875 1260 2076 1316 factum
2121 1257 2195 1314 sit
2233 1257 2493 1330 adiunga-

207 1377 313 1430 tur,
354 1383 455 1422 nec
488 1364 713 1421 dubium
757 1363 985 1426 videtur,
1036 1363 1083 1419 si
1124 1362 1443 1436 Iugurtham
1484 1363 1684 1420 Romae
1741 1362 1791 1418 id
1837 1361 2158 1436 cognovisse
2203 1359 2492 1416 Sallustius

203 1468 564 1544 conperisset,
605 1465 737 1540 quin
780 1465 997 1521 Romae
1041 1470 1323 1537 expertus
1364 1465 1669 1540 scripturus
1702 1465 1883 1521 fuerit.
1971 1463 2156 1537 Neque
2187 1462 2496 1518 desideran-

203 1572 332 1627 dum
378 1577 464 1626 est
508 1568 714 1642 aliquid
762 1565 868 1623 tale
912 1567 1167 1630 additum,
1214 1576 1275 1624 ut
1318 1567 1433 1642 Ing.
1478 1574 1566 1630 82,
1612 1556 1648 1628 1’
1693 1569 1921 1623 interim
1961 1567 2145 1622 Roma
2193 1561 2330 1641 per'z
2352 1566 2495 1620 licte-

205 1689 308 1728 νας
350 1674 565 1727 certior
604 1671 691 1741 fit,
729 1687 851 1726 cum
894 1687 995 1744 per
1038 1688 1097 1726 se
1144 1669 1499 1744 intellegatur
1543 1678 1639 1726 aut
1682 1687 1783 1745 per
1827 1669 2038 1740 litteras
2083 1675 2177 1724 aut
2218 1685 2319 1742 per
2357 1684 2495 1722 nun-

206 1775 315 1830 tios
384 1772 439 1827 id
508 1773 707 1828 factum
761 1789 910 1834 esse,
969 1789 1145 1847 neque
1197 1772 1443 1829 obfendit
1499 1774 1687 1829 Roma
1740 1773 1883 1828 inter
1925 1774 2140 1828 certior
2193 1777 2249 1826 et
2297 1768 2496 1840 factus

206 1875 623 1950 interpositum,
693 1874 821 1947 quia
888 1873 1021 1930 illud
1072 1874 1426 1962 ecferundym
1492 1875 1626 1939 fuit,
1693 1872 1761 1930 ab
1829 1873 2014 1930 amicis
2063 1871 2318 1928 Romanis
2371 1888 2496 1926 eum

206 1979 501 2034 certiorem
545 1976 747 2032 factum
792 1993 942 2038 esse,
998 1976 1198 2051 quippe
1243 1977 1441 2051 quibus
1496 1977 1572 2054 id,
1596 1977 1756 2034 etiam
1799 1975 1970 2049 magis
2017 1993 2176 2049 quam
2219 1973 2340 2030 aliis
2378 1990 2497 2029 cre-

204 2080 441 2136 dendum
483 2084 647 2134 esset.

380 2214 495 2287 [ug.
535 2218 629 2272 47.
671 2219 705 2270 2
750 2231 880 2271 sane
923 2214 1179 2270 haesitari
1224 2214 1459 2289 poterit,
1508 2221 1696 2271 utrum
1737 2213 1985 2287 Madvigii
2030 2212 2334 2270 emendatio
2372 2210 2498 2284 fre-

210 2319 501 2390 quentiam
546 2317 957 2388 neqotiatorum
1002 2323 1059 2372 et
1084 2323 1384 2374 conmeatu
1414 2320 1744 2373 iuvaturam
1786 2319 2106 2372 exercitum
2137 2304 2499 2389 praeferunda

210 2422 299 2484 sit,
347 2437 415 2476 an
458 2417 712 2474 Palmerii
750 2416 1141 2490 frequentiam
1186 2422 1603 2493 neqotiatorum
1644 2427 1700 2476 et
1729 2427 2125 2502 conmeafuum
2168 2421 2498 2475 iuvaturam

211 2524 550 2578 exercitum.
638 2517 735 2575 llla
788 2521 930 2576 enim
976 2537 1043 2578 eo
1082 2523 1474 2579 conmendatur
1529 2522 1676 2597 quod
1735 2539 1871 2596 quae
1917 2530 2221 2596 sequuntur
2275 2527 2330 2578 et
2381 2522 2496 2576 iam

203 2627 441 2698 paratis
481 2624 655 2680 rebus
697 2625 1043 2680 munimento
1081 2623 1216 2696 fore
1260 2623 1335 2680 ita
1380 2624 1696 2699 obpositum
1745 2623 1944 2681 habent
1989 2625 2134 2700 quod
2176 2641 2348 2699 paene
2393 2623 2501 2680 sibi

212 2725 496 2803 postulare
541 2725 851 2787 videantur,
910 2722 1079 2782 altera
1126 2725 1249 2782 inde
1294 2727 1798 2784 conmendationem
1842 2727 2033 2790 habet,
2085 2726 2232 2802 quod
2288 2727 2365 2783 sic
2423 2725 2500 2781 sa-

211 2828 431 2885 cillume
474 2827 833 2901 perspicitur,
895 2845 1004 2900 quo
1062 2829 1224 2884 modo
1280 2846 1467 2884 omnes
1511 2828 1642 2884 libri
1688 2827 1815 2884 Sall.
1865 2830 2149 2904 conrumpi
2197 2828 2497 2902 potuerint.

212 2932 343 2986 Cum
388 2948 515 2986 vero
570 2929 979 3003 negotiatorum
1030 2929 1338 3003 frequentia
1392 2930 1544 2986 nulla
1603 2948 1662 2986 re
1717 2930 1823 2985 nisi
1879 2938 2165 2988 conmeatu
2206 2931 2500 2987 exercitum

213 3033 397 3088 iuvare
431 3031 639 3105 possit,
697 3047 927 3104 cumque
980 3030 1156 3087 maior
1198 3032 1546 3106 oportunitas
1605 3033 1708 3094 sit,
1771 3032 1819 3088 si
1874 3033 1942 3088 ad
1999 3031 2353 3089 incolentium
2407 3051 2499 3088 ne-

212 3134 551 3206 gotiatorum
584 3133 941 3207 frequentiam
975 3134 1331 3191 mercantium
1364 3127 1679 3209 frequentes
1709 3141 2024 3190 conmeatus
2061 3134 2337 3197 adcedant,
2379 3153 2500 3191 cum

209 3235 563 3309 Konigboffio
617 3235 748 3291 Crit.
806 3243 863 3292 et
916 3253 1067 3309 exeg.
1123 3237 1317 3310 Progr.
1366 3236 1520 3292 Trier
1576 3240 1713 3297 1854
1767 3234 2019 3292 Palmerii
2075 3211 2501 3292 emendassionem

210 3336 531 3412 amplector.

380 3472 479 3528 Diu
523 3472 862 3546 multumque
908 3472 1147 3529 dubitavi
1193 3475 1259 3530 de
1304 3474 1427 3532 loco
1468 3474 1583 3548 Ing.
1618 3481 1702 3537 53,
1735 3479 1766 3534 7
1801 3473 1930 3548 quid
1959 3475 2306 3532 statuendum
2337 3483 2501 3532 esset.

210 3574 369 3643 Quod
414 3574 663 3650 plerique
704 3582 761 3630 et
802 3575 1010 3648 optumi
1058 3574 1184 3631 libri
1228 3575 1509 3641 exhibent,
1566 3579 1813 3648 strepitu
1858 3579 2009 3632 velut
2057 3578 2248 3634 hostes
2293 3580 2503 3635 adven-

210 3683 360 3746 tare,
407 3676 460 3731 id
501 3676 741 3733 Kritzius
788 3677 863 3733 ita
906 3677 1148 3732 defendit
1187 3686 1250 3733 ut
1290 3682 1537 3750 strepitu
1579 3697 1682 3753 pro
1713 3679 1946 3736 ablativo
1985 3678 2187 3735 modali
2217 3679 2334 3753 (cfr.
2368 3699 2506 3755 quae

210 3778 345 3835 olim
390 3778 457 3834 ad
499 3778 613 3852 lug.
658 3797 709 3852 p.
758 3787 862 3841 359
918 3778 1207 3852 congessi)
1263 3780 1515 3844 haberet,
1574 3790 1629 3837 et
1672 3799 1794 3839 cum
1839 3784 2181 3849 adventare,
2239 3781 2504 3840 infinitivo

208 3880 513 3940 historico,
566 3881 942 3954 coniungeret.
1041 3881 1138 3936 Cui
1192 3884 1494 3939 sententiae
1547 3883 1681 3938 illud
1743 3883 1953 3946 obstat,
2015 3884 2161 3956 quod
2217 3900 2340 3939 cum
2383 3883 2506 3941 luce

210 3982 413 4038 clarius
474 3981 547 4037 sit
594 3981 827 4044 alteros,
888 3983 1043 4056 quod'
1094 3983 1335 4039 hostium
1389 3984 1791 4041 adventantium
1848 3984 2082 4058 speciem
2158 3985 2501 4059 praeberent,

210 4083 355 4158 apud
400 4082 607 4139 alteros
630 4083 997 4140 'formidinem
1052 4092 1107 4141 et
1160 4085 1451 4141 tumultum
1506 4085 1725 4146 secisse,
1788 4087 1940 4141 velut
1997 4085 2186 4141 hostes
2228 4102 2338 4141 non
2382 4105 2504 4143 cum

210 4187 546 4252 adventare,
588 4191 674 4240 set
710 4203 832 4242 cum
862 4185 1232 4257 formidinem
1264 4188 1435 4243 simul
1467 4193 1522 4242 et
1553 4187 1853 4243 tumultum
1894 4184 2100 4258 facere
2129 4187 2508 4262 coniungenda

208 4288 381 4343 fuisse
428 4286 668 4360 adparet.
756 4286 929 4345 Multo
976 4287 1169 4345 melius
1208 4289 1452 4353 Cortius,
1502 4288 1769 4345 Linkerus
1820 4288 1913 4344 alii
1968 4288 2245 4346 eiecerunt
2292 4293 2504 4350 adven-

209 4395 354 4452 tare,
404 4395 492 4444 set
532 4405 601 4445 ne
642 4388 778 4446 illud
822 4389 1039 4464 quidem
1082 4391 1231 4449 velut
1259 4392 1449 4450 hostes
1491 4392 1625 4450 satis
1669 4391 1864 4468 placet,
1912 4393 2164 4469 quoniam
2209 4393 2359 4453 nulla
2389 4403 2504 4453 tum
