<?xml version="1.0" encoding="UTF-8"?>
<!DOCTYPE html PUBLIC "-//W3C//DTD XHTML 1.0 Transitional//EN"
    "http://www.w3.org/TR/xhtml1/DTD/xhtml1-transitional.dtd">
<html xmlns="http://www.w3.org/1999/xhtml" xml:lang="en" lang="en">
 <head>
  <title>
</title>
<meta http-equiv="Content-Type" content="text/html;charset=utf-8" />
  <meta name='ocr-system' content='tesseract 3.04.00' />
  <meta name='ocr-capabilities' content='ocr_page ocr_carea ocr_par ocr_line ocrx_word'/>
</head>
<body>
  <div class='ocr_page' id='page_1' title='image "./gaisallusticris00dietgoog_0097.png"; bbox 0 0 3042 4917; ppageno 0'>
   <div class='ocr_carea' id='block_1_1' title="bbox 864 280 2478 356">
    <p class='ocr_par' dir='ltr' id='par_1_1' title="bbox 864 280 2478 356">
     <span class='ocr_line' id='line_1_1' title="bbox 864 280 2478 356; baseline -0.006 0"><span class='ocrx_word' id='word_1_1' title='bbox 864 307 1473 356; x_wconf 64' lang='lat' dir='ltr'><strong>conmnmvnosun</strong></span> <span class='ocrx_word' id='word_1_2' title='bbox 1518 303 1656 352; x_wconf 68' lang='lat' dir='ltr'><strong>oAr.</strong></span> <span class='ocrx_word' id='word_1_3' title='bbox 1693 305 1782 352; x_wconf 74' lang='lat' dir='ltr'><strong>tv.</strong></span> <span class='ocrx_word' id='word_1_4' title='bbox 2395 280 2478 348; x_wconf 80' lang='lat'><strong>83</strong></span> 
     </span>
    </p>
   </div>
   <div class='ocr_carea' id='block_1_2' title="bbox 174 459 2490 2065">
    <p class='ocr_par' dir='ltr' id='par_1_2' title="bbox 174 459 2490 2065">
     <span class='ocr_line' id='line_1_2' title="bbox 179 459 2475 539; baseline -0.004 -15"><span class='ocrx_word' id='word_1_5' title='bbox 179 467 335 525; x_wconf 79' lang='lat' dir='ltr'><strong>secto</strong></span> <span class='ocrx_word' id='word_1_6' title='bbox 380 475 497 525; x_wconf 88' lang='lat' dir='ltr'><strong>tum</strong></span> <span class='ocrx_word' id='word_1_7' title='bbox 540 467 673 526; x_wconf 90' lang='lat' dir='ltr'><strong>haec</strong></span> <span class='ocrx_word' id='word_1_8' title='bbox 713 467 876 524; x_wconf 85' lang='lat' dir='ltr'><strong>verba</strong></span> <span class='ocrx_word' id='word_1_9' title='bbox 923 475 1073 525; x_wconf 87' lang='lat' dir='ltr'><strong>reete</strong></span> <span class='ocrx_word' id='word_1_10' title='bbox 1128 467 1335 524; x_wconf 85' lang='lat' dir='ltr'><strong>adiecta</strong></span> <span class='ocrx_word' id='word_1_11' title='bbox 1388 483 1509 523; x_wconf 90' lang='lat' dir='ltr'><strong>esse</strong></span> <span class='ocrx_word' id='word_1_12' title='bbox 1553 465 1868 539; x_wconf 81' lang='lat' dir='ltr'><strong>adpareret,</strong></span> <span class='ocrx_word' id='word_1_13' title='bbox 1927 477 2038 536; x_wconf 87' lang='lat' dir='ltr'><strong>quo</strong></span> <span class='ocrx_word' id='word_1_14' title='bbox 2093 459 2475 536; x_wconf 75' lang='lat' dir='ltr'>explicaretur,</span> 
     </span>
     <span class='ocr_line' id='line_1_3' title="bbox 176 561 2476 644; baseline -0.003 -17"><span class='ocrx_word' id='word_1_15' title='bbox 176 587 283 627; x_wconf 92' lang='lat' dir='ltr'><strong>cur</strong></span> <span class='ocrx_word' id='word_1_16' title='bbox 333 570 500 644; x_wconf 91' lang='lat' dir='ltr'><strong>Turp.</strong></span> <span class='ocrx_word' id='word_1_17' title='bbox 558 577 681 626; x_wconf 88' lang='lat' dir='ltr'><strong>ante</strong></span> <span class='ocrx_word' id='word_1_18' title='bbox 734 569 1051 626; x_wconf 86' lang='lat' dir='ltr'><strong>verberatus</strong></span> <span class='ocrx_word' id='word_1_19' title='bbox 1108 577 1269 626; x_wconf 89' lang='lat' dir='ltr'><strong>esset.</strong></span> <span class='ocrx_word' id='word_1_20' title='bbox 1372 569 1570 624; x_wconf 80' lang='lat' dir='ltr'><strong>Tamen</strong></span> <span class='ocrx_word' id='word_1_21' title='bbox 1615 583 1703 622; x_wconf 89' lang='lat' dir='ltr'><strong>res</strong></span> <span class='ocrx_word' id='word_1_22' title='bbox 1762 563 1925 622; x_wconf 86' lang='lat' dir='ltr'><strong>dubia</strong></span> <span class='ocrx_word' id='word_1_23' title='bbox 1979 570 2080 618; x_wconf 86' lang='lat' dir='ltr'><strong>est.</strong></span> <span class='ocrx_word' id='word_1_24' title='bbox 2175 561 2306 618; x_wconf 89' lang='lat' dir='ltr'><strong>Nam</strong></span> <span class='ocrx_word' id='word_1_25' title='bbox 2345 573 2476 619; x_wconf 81' lang='lat' dir='ltr'><strong>&#39;eum</strong></span> 
     </span>
     <span class='ocr_line' id='line_1_4' title="bbox 174 649 2470 743; baseline -0.003 -15"><span class='ocrx_word' id='word_1_26' title='bbox 174 671 511 728; x_wconf 82' lang='lat' dir='ltr'><strong>Plutarchus</strong></span> <span class='ocrx_word' id='word_1_27' title='bbox 548 671 606 726; x_wconf 88' lang='lat' dir='ltr'><strong>G.</strong></span> <span class='ocrx_word' id='word_1_28' title='bbox 654 671 874 728; x_wconf 85' lang='lat' dir='ltr'><strong>Gracch.</strong></span> <span class='ocrx_word' id='word_1_29' title='bbox 922 689 968 727; x_wconf 90' lang='lat' dir='ltr'><strong>c.</strong></span> <span class='ocrx_word' id='word_1_30' title='bbox 1016 678 1049 732; x_wconf 89' lang='lat'><strong>9</strong></span> <span class='ocrx_word' id='word_1_31' title='bbox 1086 670 1379 726; x_wconf 82' lang='lat' dir='ltr'><strong>memoriae</strong></span> <span class='ocrx_word' id='word_1_32' title='bbox 1418 669 1525 726; x_wconf 87' lang='lat' dir='ltr'><strong>hoc</strong></span> <span class='ocrx_word' id='word_1_33' title='bbox 1561 666 1894 743; x_wconf 81' lang='lat' dir='ltr'><strong>prodiderit:</strong></span> <span class='ocrx_word' id='word_1_34' title='bbox 1943 659 2027 721; x_wconf 77' lang='grc' dir='ltr'><strong>ἔτι</strong></span> <span class='ocrx_word' id='word_1_35' title='bbox 2061 656 2124 720; x_wconf 82' lang='grc' dir='ltr'><strong>δὲ</strong></span> <span class='ocrx_word' id='word_1_36' title='bbox 2161 649 2194 717; x_wconf 83' lang='grc' dir='ltr'><em>ὅ</em></span> <span class='ocrx_word' id='word_1_37' title='bbox 2225 656 2335 737; x_wconf 82' lang='grc' dir='ltr'><strong>μὲν</strong></span> <span class='ocrx_word' id='word_1_38' title='bbox 2371 661 2470 740; x_wconf 91' lang='grc' dir='ltr'><strong>(Γ.</strong></span> 
     </span>
     <span class='ocr_line' id='line_1_5' title="bbox 180 756 2474 848; baseline -0.002 -22"><span class='ocrx_word' id='word_1_39' title='bbox 180 769 439 848; x_wconf 82' lang='grc' dir='ltr'><strong><em>Γρακχ.)</em></strong></span> <span class='ocrx_word' id='word_1_40' title='bbox 472 773 597 840; x_wconf 82' lang='grc' dir='ltr'><strong><em>τοῖς</em></strong></span> <span class='ocrx_word' id='word_1_41' title='bbox 628 768 916 840; x_wconf 80' lang='grc' dir='ltr'><strong><em>Λατίνοις</em></strong></span> <span class='ocrx_word' id='word_1_42' title='bbox 946 767 1283 845; x_wconf 80' lang='grc' dir='ltr'><strong><em>ἰσοψηφίαν</em></strong></span> <span class='ocrx_word' id='word_1_43' title='bbox 1337 756 1542 837; x_wconf 56' lang='lat' dir='ltr'><strong>didone</strong></span> <span class='ocrx_word' id='word_1_44' title='bbox 1585 759 1820 840; x_wconf 76' lang='grc' dir='ltr'><strong><em>ἐλύπει,</em></strong></span> <span class='ocrx_word' id='word_1_45' title='bbox 1865 763 1974 822; x_wconf 78' lang='grc' dir='ltr'><strong>τοῦ</strong></span> <span class='ocrx_word' id='word_1_46' title='bbox 2017 760 2080 822; x_wconf 80' lang='grc' dir='ltr'><strong>δὲ</strong></span> <span class='ocrx_word' id='word_1_47' title='bbox 2123 757 2282 836; x_wconf 74' lang='grc' dir='ltr'><strong><em>ὅπως</em></strong></span> <span class='ocrx_word' id='word_1_48' title='bbox 2323 759 2474 840; x_wconf 80' lang='grc' dir='ltr'><em>μηδὲ</em></span> 
     </span>
     <span class='ocr_line' id='line_1_6' title="bbox 178 857 2470 953; baseline -0.003 -25"><span class='ocrx_word' id='word_1_49' title='bbox 178 866 277 928; x_wconf 76' lang='grc' dir='ltr'><strong>ἐπὶ</strong></span> <span class='ocrx_word' id='word_1_50' title='bbox 306 871 613 947; x_wconf 76' lang='grc' dir='ltr'><strong><em>στρατείας</em></strong></span> <span class='ocrx_word' id='word_1_51' title='bbox 642 866 744 953; x_wconf 76' lang='grc' dir='ltr'><strong>ἐξῇ</strong></span> <span class='ocrx_word' id='word_1_52' title='bbox 774 891 909 929; x_wconf 84' lang='grc' dir='ltr'><strong><em>τινα</em></strong></span> <span class='ocrx_word' id='word_1_53' title='bbox 940 870 1223 930; x_wconf 81' lang='grc' dir='ltr'><strong><em>Λατίνων</em></strong></span> <span class='ocrx_word' id='word_1_54' title='bbox 1252 861 1501 948; x_wconf 71' lang='grc' dir='ltr'><strong><em>ῥάβδοις</em></strong></span> <span class='ocrx_word' id='word_1_55' title='bbox 1531 867 1885 927; x_wconf 82' lang='grc' dir='ltr'><strong><em>αἰκίσασθαι</em></strong></span> <span class='ocrx_word' id='word_1_56' title='bbox 1921 859 2270 944; x_wconf 76' lang='grc' dir='ltr'><strong><em>γράψαντος</em></strong></span> <span class='ocrx_word' id='word_1_57' title='bbox 2299 857 2470 944; x_wconf 76' lang='grc' dir='ltr'><strong><em>ἐβοή-</em></strong></span> 
     </span>
     <span class='ocr_line' id='line_1_7' title="bbox 178 963 2474 1054; baseline -0.002 -24"><span class='ocrx_word' id='word_1_58' title='bbox 178 977 347 1030; x_wconf 83' lang='grc' dir='ltr'><strong><em>θουν</em></strong></span> <span class='ocrx_word' id='word_1_59' title='bbox 390 971 473 1054; x_wconf 80' lang='grc' dir='ltr'><strong>τῷ</strong></span> <span class='ocrx_word' id='word_1_60' title='bbox 514 963 713 1054; x_wconf 81' lang='grc' dir='ltr'><strong><em>νόμῳ,</em></strong></span> <span class='ocrx_word' id='word_1_61' title='bbox 769 975 874 1030; x_wconf 91' lang='lat' dir='ltr'><strong>nisi</strong></span> <span class='ocrx_word' id='word_1_62' title='bbox 928 973 1015 1030; x_wconf 82' lang='lat' dir='ltr'><strong>lex</strong></span> <span class='ocrx_word' id='word_1_63' title='bbox 1063 974 1155 1031; x_wconf 88' lang='lat' dir='ltr'><strong>illa</strong></span> <span class='ocrx_word' id='word_1_64' title='bbox 1202 982 1296 1032; x_wconf 91' lang='lat' dir='ltr'><strong>aut</strong></span> <span class='ocrx_word' id='word_1_65' title='bbox 1338 992 1447 1031; x_wconf 91' lang='lat' dir='ltr'><strong>non</strong></span> <span class='ocrx_word' id='word_1_66' title='bbox 1492 973 1704 1048; x_wconf 89' lang='lat' dir='ltr'><strong>perlata</strong></span> <span class='ocrx_word' id='word_1_67' title='bbox 1747 979 1842 1028; x_wconf 90' lang='lat' dir='ltr'><strong>aut</strong></span> <span class='ocrx_word' id='word_1_68' title='bbox 1885 989 2012 1028; x_wconf 86' lang='lat' dir='ltr'><strong>mox</strong></span> <span class='ocrx_word' id='word_1_69' title='bbox 2055 970 2260 1027; x_wconf 77' lang='lat' dir='ltr'><strong>abolita</strong></span> <span class='ocrx_word' id='word_1_70' title='bbox 2305 971 2474 1026; x_wconf 76' lang='lat' dir='ltr'><strong>fuerit</strong></span> 
     </span>
     <span class='ocr_line' id='line_1_8' title="bbox 180 1071 2490 1156; baseline -0.002 -25"><span class='ocrx_word' id='word_1_71' title='bbox 180 1075 475 1150; x_wconf 74' lang='lat' dir='ltr'><strong>(Gottling.</strong></span> <span class='ocrx_word' id='word_1_72' title='bbox 522 1075 557 1130; x_wconf 89' lang='lat' dir='ltr'><strong>l.</strong></span> <span class='ocrx_word' id='word_1_73' title='bbox 603 1093 649 1132; x_wconf 90' lang='lat' dir='ltr'><strong>c.</strong></span> <span class='ocrx_word' id='word_1_74' title='bbox 694 1095 749 1150; x_wconf 89' lang='lat' dir='ltr'><strong>p.</strong></span> <span class='ocrx_word' id='word_1_75' title='bbox 796 1082 897 1156; x_wconf 76' lang='lat'><strong>427</strong></span> <span class='ocrx_word' id='word_1_76' title='bbox 942 1095 1022 1150; x_wconf 88' lang='lat' dir='ltr'><strong>sq.</strong></span> <span class='ocrx_word' id='word_1_77' title='bbox 1067 1077 1251 1152; x_wconf 80' lang='lat' dir='ltr'><strong>Pauly.</strong></span> <span class='ocrx_word' id='word_1_78' title='bbox 1290 1075 1530 1132; x_wconf 77' lang='lat' dir='ltr'><strong>R.-E.1v</strong></span> <span class='ocrx_word' id='word_1_79' title='bbox 1571 1094 1624 1150; x_wconf 89' lang='lat' dir='ltr'><strong>p.</strong></span> <span class='ocrx_word' id='word_1_80' title='bbox 1661 1081 1766 1136; x_wconf 82' lang='lat'><strong>992</strong></span> <span class='ocrx_word' id='word_1_81' title='bbox 1795 1071 1917 1147; x_wconf 85' lang='lat' dir='ltr'><strong>sq.),</strong></span> <span class='ocrx_word' id='word_1_82' title='bbox 1964 1075 2042 1129; x_wconf 90' lang='lat' dir='ltr'><strong>ita</strong></span> <span class='ocrx_word' id='word_1_83' title='bbox 2083 1071 2238 1128; x_wconf 90' lang='lat' dir='ltr'><strong>illum</strong></span> <span class='ocrx_word' id='word_1_84' title='bbox 2281 1072 2490 1128; x_wconf 81' lang='lat' dir='ltr'><strong>verbe-¹</strong></span> 
     </span>
     <span class='ocr_line' id='line_1_9' title="bbox 180 1173 2472 1252; baseline -0.001 -19"><span class='ocrx_word' id='word_1_85' title='bbox 180 1185 365 1233; x_wconf 86' lang='lat' dir='ltr'><strong>ratum</strong></span> <span class='ocrx_word' id='word_1_86' title='bbox 411 1195 531 1234; x_wconf 89' lang='lat' dir='ltr'><strong>esse</strong></span> <span class='ocrx_word' id='word_1_87' title='bbox 576 1178 835 1252; x_wconf 85' lang='lat' dir='ltr'><strong>explicari</strong></span> <span class='ocrx_word' id='word_1_88' title='bbox 888 1194 999 1233; x_wconf 90' lang='lat' dir='ltr'><strong>non</strong></span> <span class='ocrx_word' id='word_1_89' title='bbox 1054 1186 1258 1252; x_wconf 87' lang='lat' dir='ltr'><strong>potest.</strong></span> <span class='ocrx_word' id='word_1_90' title='bbox 1345 1177 1411 1232; x_wconf 88' lang='lat' dir='ltr'><strong>Et</strong></span> <span class='ocrx_word' id='word_1_91' title='bbox 1452 1195 1575 1234; x_wconf 88' lang='lat' dir='ltr'><strong>cum</strong></span> <span class='ocrx_word' id='word_1_92' title='bbox 1623 1173 1788 1232; x_wconf 88' lang='lat' dir='ltr'><strong>etiam</strong></span> <span class='ocrx_word' id='word_1_93' title='bbox 1832 1182 1962 1249; x_wconf 90' lang='lat' dir='ltr'><strong>post</strong></span> <span class='ocrx_word' id='word_1_94' title='bbox 2005 1174 2182 1248; x_wconf 86' lang='lat' dir='ltr'><strong>legem</strong></span> <span class='ocrx_word' id='word_1_95' title='bbox 2224 1174 2472 1231; x_wconf 83' lang='lat' dir='ltr'><strong>Porciam</strong></span> 
     </span>
     <span class='ocr_line' id='line_1_10' title="bbox 182 1274 2475 1338; baseline -0.002 -4"><span class='ocrx_word' id='word_1_96' title='bbox 182 1280 238 1334; x_wconf 91' lang='lat' dir='ltr'><strong>in</strong></span> <span class='ocrx_word' id='word_1_97' title='bbox 282 1280 483 1335; x_wconf 89' lang='lat' dir='ltr'><strong>castris</strong></span> <span class='ocrx_word' id='word_1_98' title='bbox 517 1279 835 1335; x_wconf 88' lang='lat' dir='ltr'><strong>verberibus</strong></span> <span class='ocrx_word' id='word_1_99' title='bbox 875 1279 930 1334; x_wconf 89' lang='lat' dir='ltr'><strong>in</strong></span> <span class='ocrx_word' id='word_1_100' title='bbox 972 1279 1103 1336; x_wconf 86' lang='lat' dir='ltr'><strong>civis</strong></span> <span class='ocrx_word' id='word_1_101' title='bbox 1130 1279 1400 1336; x_wconf 89' lang='lat' dir='ltr'><strong>Romanos</strong></span> <span class='ocrx_word' id='word_1_102' title='bbox 1440 1279 1872 1335; x_wconf 81' lang='lat' dir='ltr'><strong>animadversum</strong></span> <span class='ocrx_word' id='word_1_103' title='bbox 1915 1293 2036 1332; x_wconf 88' lang='lat' dir='ltr'><strong>esse</strong></span> <span class='ocrx_word' id='word_1_104' title='bbox 2072 1283 2304 1338; x_wconf 84' lang='lat' dir='ltr'><strong>constet,</strong></span> <span class='ocrx_word' id='word_1_105' title='bbox 2351 1274 2475 1331; x_wconf 91' lang='lat' dir='ltr'><strong>nul·</strong></span> 
     </span>
     <span class='ocr_line' id='line_1_11' title="bbox 180 1377 2472 1455; baseline -0.001 -21"><span class='ocrx_word' id='word_1_106' title='bbox 180 1379 297 1436; x_wconf 90' lang='lat' dir='ltr'><strong>lum</strong></span> <span class='ocrx_word' id='word_1_107' title='bbox 342 1379 491 1436; x_wconf 84' lang='lat' dir='ltr'><strong>aliud</strong></span> <span class='ocrx_word' id='word_1_108' title='bbox 534 1381 823 1438; x_wconf 85' lang='lat' dir='ltr'><strong>discrimen</strong></span> <span class='ocrx_word' id='word_1_109' title='bbox 870 1380 1006 1443; x_wconf 86' lang='lat' dir='ltr'><strong>fuit,</strong></span> <span class='ocrx_word' id='word_1_110' title='bbox 1062 1380 1168 1436; x_wconf 87' lang='lat' dir='ltr'><strong>nisi</strong></span> <span class='ocrx_word' id='word_1_111' title='bbox 1225 1382 1373 1455; x_wconf 87' lang='lat' dir='ltr'><strong>quod</strong></span> <span class='ocrx_word' id='word_1_112' title='bbox 1428 1381 1666 1437; x_wconf 85' lang='lat' dir='ltr'><strong>fortasse</strong></span> <span class='ocrx_word' id='word_1_113' title='bbox 1717 1378 1936 1452; x_wconf 89' lang='lat' dir='ltr'><strong>saepius</strong></span> <span class='ocrx_word' id='word_1_114' title='bbox 1989 1377 2168 1433; x_wconf 87' lang='lat' dir='ltr'><strong>Latini</strong></span> <span class='ocrx_word' id='word_1_115' title='bbox 2201 1377 2472 1434; x_wconf 88' lang='lat' dir='ltr'><strong>verberati</strong></span> 
     </span>
     <span class='ocr_line' id='line_1_12' title="bbox 182 1478 2472 1556; baseline -0 -20"><span class='ocrx_word' id='word_1_116' title='bbox 182 1489 344 1546; x_wconf 90' lang='lat' dir='ltr'><strong>sunt;</strong></span> <span class='ocrx_word' id='word_1_117' title='bbox 392 1483 539 1556; x_wconf 88' lang='lat' dir='ltr'><strong>quod</strong></span> <span class='ocrx_word' id='word_1_118' title='bbox 591 1483 683 1556; x_wconf 88' lang='lat' dir='ltr'><strong>qui</strong></span> <span class='ocrx_word' id='word_1_119' title='bbox 728 1483 803 1538; x_wconf 91' lang='lat' dir='ltr'><strong>ita</strong></span> <span class='ocrx_word' id='word_1_120' title='bbox 842 1500 1118 1538; x_wconf 86' lang='lat' dir='ltr'><strong>removere</strong></span> <span class='ocrx_word' id='word_1_121' title='bbox 1164 1482 1509 1543; x_wconf 86' lang='lat' dir='ltr'><strong>studuerunt,</strong></span> <span class='ocrx_word' id='word_1_122' title='bbox 1559 1489 1620 1537; x_wconf 91' lang='lat' dir='ltr'><strong>ut</strong></span> <span class='ocrx_word' id='word_1_123' title='bbox 1676 1482 2014 1538; x_wconf 76' lang='lat' dir='ltr'><strong>verberatus</strong></span> <span class='ocrx_word' id='word_1_124' title='bbox 2067 1479 2172 1536; x_wconf 90' lang='lat' dir='ltr'><strong>hoc</strong></span> <span class='ocrx_word' id='word_1_125' title='bbox 2222 1478 2346 1537; x_wconf 92' lang='lat' dir='ltr'><strong>loco</strong></span> <span class='ocrx_word' id='word_1_126' title='bbox 2405 1479 2472 1535; x_wconf 89' lang='lat' dir='ltr'><strong>de</strong></span> 
     </span>
     <span class='ocr_line' id='line_1_13' title="bbox 182 1581 2470 1656; baseline -0.002 -18"><span class='ocrx_word' id='word_1_127' title='bbox 182 1582 547 1656; x_wconf 78' lang='lat' dir='ltr'><strong>fastigatione</strong></span> <span class='ocrx_word' id='word_1_128' title='bbox 590 1583 1015 1656; x_wconf 87' lang='lat' dir='ltr'><strong>intellegendum</strong></span> <span class='ocrx_word' id='word_1_129' title='bbox 1064 1601 1187 1640; x_wconf 88' lang='lat' dir='ltr'><strong>esse</strong></span> <span class='ocrx_word' id='word_1_130' title='bbox 1228 1591 1534 1640; x_wconf 85' lang='lat' dir='ltr'><strong>statuerent</strong></span> <span class='ocrx_word' id='word_1_131' title='bbox 1570 1582 1795 1656; x_wconf 81' lang='lat' dir='ltr'><strong>(IacobS.</strong></span> <span class='ocrx_word' id='word_1_132' title='bbox 1841 1582 1990 1638; x_wconf 88' lang='lat' dir='ltr'><strong>Cless</strong></span> <span class='ocrx_word' id='word_1_133' title='bbox 2020 1581 2251 1656; x_wconf 87' lang='lat' dir='ltr'><strong>Interpr.</strong></span> <span class='ocrx_word' id='word_1_134' title='bbox 2293 1581 2470 1638; x_wconf 89' lang='lat' dir='ltr'><strong>Germ.</strong></span> 
     </span>
     <span class='ocr_line' id='line_1_14' title="bbox 181 1683 2471 1758; baseline 0 -20"><span class='ocrx_word' id='word_1_135' title='bbox 181 1703 235 1758; x_wconf 86' lang='lat' dir='ltr'><strong>p.</strong></span> <span class='ocrx_word' id='word_1_136' title='bbox 284 1683 428 1757; x_wconf 80' lang='lat'><strong>158),</strong></span> <span class='ocrx_word' id='word_1_137' title='bbox 472 1685 625 1742; x_wconf 88' lang='lat' dir='ltr'><strong>cuius</strong></span> <span class='ocrx_word' id='word_1_138' title='bbox 670 1686 727 1741; x_wconf 91' lang='lat' dir='ltr'><strong>in</strong></span> <span class='ocrx_word' id='word_1_139' title='bbox 766 1686 947 1743; x_wconf 86' lang='lat' dir='ltr'><strong>socios</strong></span> <span class='ocrx_word' id='word_1_140' title='bbox 981 1703 1113 1742; x_wconf 91' lang='lat' dir='ltr'><strong>usus</strong></span> <span class='ocrx_word' id='word_1_141' title='bbox 1152 1685 1363 1748; x_wconf 85' lang='lat' dir='ltr'><strong>suisset,</strong></span> <span class='ocrx_word' id='word_1_142' title='bbox 1408 1691 1471 1741; x_wconf 93' lang='lat' dir='ltr'><strong>ut</strong></span> <span class='ocrx_word' id='word_1_143' title='bbox 1514 1685 1569 1741; x_wconf 91' lang='lat' dir='ltr'><strong>in</strong></span> <span class='ocrx_word' id='word_1_144' title='bbox 1608 1684 1740 1742; x_wconf 90' lang='lat' dir='ltr'><strong>civis</strong></span> <span class='ocrx_word' id='word_1_145' title='bbox 1781 1683 1980 1740; x_wconf 88' lang='lat' dir='ltr'><strong>vitibus</strong></span> <span class='ocrx_word' id='word_1_146' title='bbox 2021 1683 2471 1746; x_wconf 83' lang='lat' dir='ltr'><strong>animadversum,</strong></span> 
     </span>
     <span class='ocr_line' id='line_1_15' title="bbox 184 1784 2473 1861; baseline -0 -20"><span class='ocrx_word' id='word_1_147' title='bbox 184 1784 566 1860; x_wconf 87' lang='lat' dir='ltr'><strong>apertissume,</strong></span> <span class='ocrx_word' id='word_1_148' title='bbox 613 1788 757 1861; x_wconf 84' lang='lat' dir='ltr'><strong>quod</strong></span> <span class='ocrx_word' id='word_1_149' title='bbox 801 1804 963 1843; x_wconf 90' lang='lat' dir='ltr'><strong>nemo</strong></span> <span class='ocrx_word' id='word_1_150' title='bbox 1008 1787 1281 1844; x_wconf 86' lang='lat' dir='ltr'><strong>Romanus</strong></span> <span class='ocrx_word' id='word_1_151' title='bbox 1341 1786 1397 1842; x_wconf 91' lang='lat' dir='ltr'><strong>in</strong></span> <span class='ocrx_word' id='word_1_152' title='bbox 1440 1805 1507 1842; x_wconf 91' lang='lat' dir='ltr'><strong>eo</strong></span> <span class='ocrx_word' id='word_1_153' title='bbox 1565 1786 1734 1843; x_wconf 86' lang='lat' dir='ltr'><strong>verbo</strong></span> <span class='ocrx_word' id='word_1_154' title='bbox 1786 1785 2105 1848; x_wconf 82' lang='lat' dir='ltr'><strong>invenisset,</strong></span> <span class='ocrx_word' id='word_1_155' title='bbox 2149 1785 2328 1841; x_wconf 84' lang='lat' dir='ltr'><strong>inesse</strong></span> <span class='ocrx_word' id='word_1_156' title='bbox 2364 1793 2473 1842; x_wconf 90' lang='lat' dir='ltr'><strong>sta-</strong></span> 
     </span>
     <span class='ocr_line' id='line_1_16' title="bbox 186 1886 2468 1964; baseline -0.001 -22"><span class='ocrx_word' id='word_1_157' title='bbox 186 1895 433 1950; x_wconf 86' lang='lat' dir='ltr'><strong>tuerunt,</strong></span> <span class='ocrx_word' id='word_1_158' title='bbox 482 1887 849 1964; x_wconf 88' lang='lat' dir='ltr'><strong>Sallustioque</strong></span> <span class='ocrx_word' id='word_1_159' title='bbox 901 1889 1253 1945; x_wconf 86' lang='lat' dir='ltr'><strong>obscuritatis</strong></span> <span class='ocrx_word' id='word_1_160' title='bbox 1308 1895 1365 1946; x_wconf 87' lang='lat' dir='ltr'><strong>et</strong></span> <span class='ocrx_word' id='word_1_161' title='bbox 1408 1888 1787 1964; x_wconf 88' lang='lat' dir='ltr'><strong>pervorsitatis</strong></span> <span class='ocrx_word' id='word_1_162' title='bbox 1836 1887 2041 1943; x_wconf 86' lang='lat' dir='ltr'><strong>crimen</strong></span> <span class='ocrx_word' id='word_1_163' title='bbox 2091 1886 2468 1960; x_wconf 87' lang='lat' dir='ltr'><strong>inposuerunt.</strong></span> 
     </span>
     <span class='ocr_line' id='line_1_17' title="bbox 186 1987 2469 2065; baseline -0.001 -21"><span class='ocrx_word' id='word_1_164' title='bbox 186 1989 283 2045; x_wconf 88' lang='lat' dir='ltr'><strong>Set</strong></span> <span class='ocrx_word' id='word_1_165' title='bbox 325 1990 602 2046; x_wconf 82' lang='lat' dir='ltr'><strong>fatendum</strong></span> <span class='ocrx_word' id='word_1_166' title='bbox 644 1998 747 2054; x_wconf 89' lang='lat' dir='ltr'><strong>est,</strong></span> <span class='ocrx_word' id='word_1_167' title='bbox 790 1990 836 2046; x_wconf 90' lang='lat' dir='ltr'><strong>si</strong></span> <span class='ocrx_word' id='word_1_168' title='bbox 879 1989 1058 2046; x_wconf 88' lang='lat' dir='ltr'><strong>verbis</strong></span> <span class='ocrx_word' id='word_1_169' title='bbox 1105 1989 1216 2046; x_wconf 90' lang='lat' dir='ltr'><strong>illis</strong></span> <span class='ocrx_word' id='word_1_170' title='bbox 1256 1990 1563 2065; x_wconf 87' lang='lat' dir='ltr'><strong>Turpilium</strong></span> <span class='ocrx_word' id='word_1_171' title='bbox 1599 1989 1835 2046; x_wconf 87' lang='lat' dir='ltr'><strong>nominis</strong></span> <span class='ocrx_word' id='word_1_172' title='bbox 1879 1987 2058 2043; x_wconf 89' lang='lat' dir='ltr'><strong>Latini</strong></span> <span class='ocrx_word' id='word_1_173' title='bbox 2093 1987 2266 2044; x_wconf 83' lang='lat' dir='ltr'><strong>fuisse</strong></span> <span class='ocrx_word' id='word_1_174' title='bbox 2302 1987 2469 2061; x_wconf 86' lang='lat' dir='ltr'><strong>signi-</strong></span> 
     </span>
    </p>
   </div>
   <div class='ocr_carea' id='block_1_3' title="bbox 185 2089 2558 2166">
    <p class='ocr_par' dir='ltr' id='par_1_3' title="bbox 185 2089 2558 2166">
     <span class='ocr_line' id='line_1_18' title="bbox 185 2089 2558 2166; baseline -0.002 -19"><span class='ocrx_word' id='word_1_175' title='bbox 185 2090 396 2154; x_wconf 87' lang='lat' dir='ltr'><strong>ficetur,</strong></span> <span class='ocrx_word' id='word_1_176' title='bbox 441 2091 618 2147; x_wconf 87' lang='lat' dir='ltr'><strong>omnia</strong></span> <span class='ocrx_word' id='word_1_177' title='bbox 662 2091 908 2166; x_wconf 84' lang='lat' dir='ltr'><strong>planiora</strong></span> <span class='ocrx_word' id='word_1_178' title='bbox 951 2110 1013 2148; x_wconf 89' lang='lat' dir='ltr'><strong>ac</strong></span> <span class='ocrx_word' id='word_1_179' title='bbox 1066 2091 1178 2149; x_wconf 87' lang='lat' dir='ltr'><strong>veri</strong></span> <span class='ocrx_word' id='word_1_180' title='bbox 1234 2091 1498 2148; x_wconf 88' lang='lat' dir='ltr'><strong>similiora</strong></span> <span class='ocrx_word' id='word_1_181' title='bbox 1555 2110 1690 2150; x_wconf 88' lang='lat' dir='ltr'><strong>esse.</strong></span> <span class='ocrx_word' id='word_1_182' title='bbox 1772 2091 1844 2145; x_wconf 90' lang='lat' dir='ltr'><strong>At</strong></span> <span class='ocrx_word' id='word_1_183' title='bbox 1893 2090 2032 2146; x_wconf 74' lang='lat' dir='ltr'><strong>civis</strong></span> <span class='ocrx_word' id='word_1_184' title='bbox 2085 2105 2164 2145; x_wconf 77' lang='lat' dir='ltr'><strong>ex</strong></span> <span class='ocrx_word' id='word_1_185' title='bbox 2209 2090 2374 2146; x_wconf 76' lang='lat' dir='ltr'><strong>Latio</strong></span> <span class='ocrx_word' id='word_1_186' title='bbox 2417 2089 2472 2144; x_wconf 87' lang='lat' dir='ltr'><strong>id</strong></span> <span class='ocrx_word' id='word_1_187' title='bbox 2549 2128 2558 2136; x_wconf 86' lang='lat'>-</span> 
     </span>
    </p>
   </div>
   <div class='ocr_carea' id='block_1_4' title="bbox 184 2191 2502 4406">
    <p class='ocr_par' dir='ltr' id='par_1_4' title="bbox 184 2191 2502 3683">
     <span class='ocr_line' id='line_1_19' title="bbox 186 2191 2467 2268; baseline 0 -22"><span class='ocrx_word' id='word_1_188' title='bbox 186 2191 493 2265; x_wconf 84' lang='lat' dir='ltr'><strong>significare</strong></span> <span class='ocrx_word' id='word_1_189' title='bbox 546 2211 657 2249; x_wconf 89' lang='lat' dir='ltr'><strong>non</strong></span> <span class='ocrx_word' id='word_1_190' title='bbox 710 2201 929 2268; x_wconf 88' lang='lat' dir='ltr'><strong>potest,</strong></span> <span class='ocrx_word' id='word_1_191' title='bbox 983 2201 1038 2249; x_wconf 90' lang='lat' dir='ltr'><strong>et</strong></span> <span class='ocrx_word' id='word_1_192' title='bbox 1080 2211 1149 2250; x_wconf 89' lang='lat' dir='ltr'><strong>ne</strong></span> <span class='ocrx_word' id='word_1_193' title='bbox 1206 2210 1266 2248; x_wconf 88' lang='lat' dir='ltr'><strong>ea</strong></span> <span class='ocrx_word' id='word_1_194' title='bbox 1330 2193 1546 2266; x_wconf 85' lang='lat' dir='ltr'><strong>quidem</strong></span> <span class='ocrx_word' id='word_1_195' title='bbox 1600 2193 1733 2249; x_wconf 90' lang='lat' dir='ltr'><strong>satis</strong></span> <span class='ocrx_word' id='word_1_196' title='bbox 1789 2197 1986 2247; x_wconf 88' lang='lat' dir='ltr'><strong>testata</strong></span> <span class='ocrx_word' id='word_1_197' title='bbox 2048 2191 2318 2264; x_wconf 88' lang='lat' dir='ltr'><strong>scriptura</strong></span> <span class='ocrx_word' id='word_1_198' title='bbox 2365 2198 2467 2247; x_wconf 87' lang='lat' dir='ltr'><strong>est.</strong></span> 
     </span>
     <span class='ocr_line' id='line_1_20' title="bbox 184 2292 2472 2366; baseline 0 -18"><span class='ocrx_word' id='word_1_199' title='bbox 184 2292 318 2350; x_wconf 90' lang='lat' dir='ltr'><strong>Nam</strong></span> <span class='ocrx_word' id='word_1_200' title='bbox 358 2295 731 2352; x_wconf 88' lang='lat' dir='ltr'><strong>vetustissumi</strong></span> <span class='ocrx_word' id='word_1_201' title='bbox 782 2312 969 2351; x_wconf 89' lang='lat' dir='ltr'><strong>omnes</strong></span> <span class='ocrx_word' id='word_1_202' title='bbox 1008 2295 1064 2350; x_wconf 90' lang='lat' dir='ltr'><strong>in</strong></span> <span class='ocrx_word' id='word_1_203' title='bbox 1106 2297 1245 2351; x_wconf 78' lang='lat' dir='ltr'><strong>civis</strong></span> <span class='ocrx_word' id='word_1_204' title='bbox 1289 2310 1367 2350; x_wconf 79' lang='lat' dir='ltr'><strong>ex</strong></span> <span class='ocrx_word' id='word_1_205' title='bbox 1406 2297 1632 2352; x_wconf 79' lang='lat' dir='ltr'><strong>collatio</strong></span> <span class='ocrx_word' id='word_1_206' title='bbox 1677 2292 2052 2357; x_wconf 87' lang='lat' dir='ltr'><strong>consentiunt;</strong></span> <span class='ocrx_word' id='word_1_207' title='bbox 2105 2299 2162 2348; x_wconf 86' lang='lat' dir='ltr'><strong>at</strong></span> <span class='ocrx_word' id='word_1_208' title='bbox 2205 2293 2472 2366; x_wconf 87' lang='lat' dir='ltr'><strong>antiquis-</strong></span> 
     </span>
     <span class='ocr_line' id='line_1_21' title="bbox 186 2388 2470 2470; baseline 0 -19"><span class='ocrx_word' id='word_1_209' title='bbox 186 2413 401 2451; x_wconf 89' lang='lat' dir='ltr'><strong>sumum</strong></span> <span class='ocrx_word' id='word_1_210' title='bbox 446 2396 615 2452; x_wconf 84' lang='lat' dir='ltr'><strong>fuisse</strong></span> <span class='ocrx_word' id='word_1_211' title='bbox 659 2399 797 2454; x_wconf 81' lang='lat' dir='ltr'><strong>civis</strong></span> <span class='ocrx_word' id='word_1_212' title='bbox 839 2399 1063 2453; x_wconf 82' lang='lat' dir='ltr'><strong>collatio</strong></span> <span class='ocrx_word' id='word_1_213' title='bbox 1103 2414 1169 2453; x_wconf 84' lang='lat' dir='ltr'><strong>ex</strong></span> <span class='ocrx_word' id='word_1_214' title='bbox 1209 2396 1250 2452; x_wconf 93' lang='lat' dir='ltr'><strong>P</strong></span> <span class='ocrx_word' id='word_1_215' title='bbox 1288 2395 1402 2470; x_wconf 89' lang='lat' dir='ltr'><strong>(ubi</strong></span> <span class='ocrx_word' id='word_1_216' title='bbox 1434 2413 1511 2452; x_wconf 80' lang='lat' dir='ltr'><strong>ex</strong></span> <span class='ocrx_word' id='word_1_217' title='bbox 1539 2413 1704 2470; x_wconf 86' lang='lat' dir='ltr'><strong>supra</strong></span> <span class='ocrx_word' id='word_1_218' title='bbox 1731 2395 1996 2469; x_wconf 89' lang='lat' dir='ltr'><strong>scriptum</strong></span> <span class='ocrx_word' id='word_1_219' title='bbox 2025 2393 2130 2467; x_wconf 89' lang='lat' dir='ltr'><strong>est)</strong></span> <span class='ocrx_word' id='word_1_220' title='bbox 2160 2401 2216 2470; x_wconf 81' lang='lat' dir='ltr'><strong>et</strong></span> <span class='ocrx_word' id='word_1_221' title='bbox 2247 2388 2334 2459; x_wconf 90' lang='lat' dir='ltr'><strong>P¹,</strong></span> <span class='ocrx_word' id='word_1_222' title='bbox 2374 2395 2470 2451; x_wconf 90' lang='lat' dir='ltr'><strong>ubi</strong></span> 
     </span>
     <span class='ocr_line' id='line_1_22' title="bbox 184 2496 2467 2573; baseline -0 -21"><span class='ocrx_word' id='word_1_223' title='bbox 184 2514 265 2553; x_wconf 68' lang='grc' dir='ltr'><strong>σω</strong></span> <span class='ocrx_word' id='word_1_224' title='bbox 306 2499 445 2554; x_wconf 81' lang='lat' dir='ltr'><strong>latio</strong></span> <span class='ocrx_word' id='word_1_225' title='bbox 490 2499 545 2554; x_wconf 93' lang='lat' dir='ltr'><strong>in</strong></span> <span class='ocrx_word' id='word_1_226' title='bbox 584 2500 809 2556; x_wconf 76' lang='lat' dir='ltr'><strong>collatio</strong></span> <span class='ocrx_word' id='word_1_227' title='bbox 850 2506 1165 2555; x_wconf 90' lang='lat' dir='ltr'><strong>conrectum</strong></span> <span class='ocrx_word' id='word_1_228' title='bbox 1211 2505 1312 2562; x_wconf 88' lang='lat' dir='ltr'><strong>est,</strong></span> <span class='ocrx_word' id='word_1_229' title='bbox 1353 2499 1594 2573; x_wconf 87' lang='lat' dir='ltr'><strong>adparet.</strong></span> <span class='ocrx_word' id='word_1_230' title='bbox 1683 2496 1838 2566; x_wconf 86' lang='lat' dir='ltr'><strong>Quod</strong></span> <span class='ocrx_word' id='word_1_231' title='bbox 1884 2513 1993 2569; x_wconf 90' lang='lat' dir='ltr'><strong>quo</strong></span> <span class='ocrx_word' id='word_1_232' title='bbox 2037 2496 2222 2552; x_wconf 80' lang='lat' dir='ltr'><strong>ducit?</strong></span> <span class='ocrx_word' id='word_1_233' title='bbox 2313 2496 2467 2553; x_wconf 88' lang='lat' dir='ltr'><strong>Scili-</strong></span> 
     </span>
     <span class='ocr_line' id='line_1_23' title="bbox 185 2598 2467 2675; baseline 0 -20"><span class='ocrx_word' id='word_1_234' title='bbox 185 2606 273 2655; x_wconf 87' lang='lat' dir='ltr'><strong>cet</strong></span> <span class='ocrx_word' id='word_1_235' title='bbox 323 2616 503 2654; x_wconf 89' lang='lat' dir='ltr'><strong>veram</strong></span> <span class='ocrx_word' id='word_1_236' title='bbox 554 2601 878 2675; x_wconf 85' lang='lat' dir='ltr'><strong>scripturam</strong></span> <span class='ocrx_word' id='word_1_237' title='bbox 932 2618 1051 2657; x_wconf 91' lang='lat' dir='ltr'><strong>esse</strong></span> <span class='ocrx_word' id='word_1_238' title='bbox 1105 2617 1238 2656; x_wconf 87' lang='lat' dir='ltr'><strong>nam</strong></span> <span class='ocrx_word' id='word_1_239' title='bbox 1284 2602 1335 2656; x_wconf 77' lang='lat' dir='ltr'><strong>is</strong></span> <span class='ocrx_word' id='word_1_240' title='bbox 1371 2603 1510 2658; x_wconf 82' lang='lat' dir='ltr'><strong>civis</strong></span> <span class='ocrx_word' id='word_1_241' title='bbox 1529 2645 1543 2669; x_wconf 88' lang='lat'>‚</span> <span class='ocrx_word' id='word_1_242' title='bbox 1597 2617 1710 2656; x_wconf 83' lang='lat' dir='ltr'><strong>non</strong></span> <span class='ocrx_word' id='word_1_243' title='bbox 1763 2603 1843 2654; x_wconf 72' lang='lat' dir='ltr'><strong>ecc</strong></span> <span class='ocrx_word' id='word_1_244' title='bbox 1887 2599 2052 2654; x_wconf 79' lang='lat' dir='ltr'><strong>Latio</strong></span> <span class='ocrx_word' id='word_1_245' title='bbox 2087 2604 2233 2654; x_wconf 82' lang='lat' dir='ltr'><strong>erat.</strong></span> <span class='ocrx_word' id='word_1_246' title='bbox 2322 2598 2467 2666; x_wconf 85' lang='lat' dir='ltr'><strong>Quae</strong></span> 
     </span>
     <span class='ocr_line' id='line_1_24' title="bbox 185 2699 2472 2775; baseline 0 -18"><span class='ocrx_word' id='word_1_247' title='bbox 185 2718 309 2757; x_wconf 90' lang='lat' dir='ltr'><strong>cum</strong></span> <span class='ocrx_word' id='word_1_248' title='bbox 352 2700 429 2756; x_wconf 89' lang='lat' dir='ltr'><strong>ita</strong></span> <span class='ocrx_word' id='word_1_249' title='bbox 472 2701 597 2764; x_wconf 90' lang='lat' dir='ltr'><strong>sint,</strong></span> <span class='ocrx_word' id='word_1_250' title='bbox 641 2701 691 2756; x_wconf 90' lang='lat' dir='ltr'><strong>si</strong></span> <span class='ocrx_word' id='word_1_251' title='bbox 730 2699 999 2757; x_wconf 91' lang='lat' dir='ltr'><strong>librorum</strong></span> <span class='ocrx_word' id='word_1_252' title='bbox 1042 2701 1373 2758; x_wconf 87' lang='lat' dir='ltr'><strong>testimoniis</strong></span> <span class='ocrx_word' id='word_1_253' title='bbox 1409 2701 1615 2775; x_wconf 87' lang='lat' dir='ltr'><strong>aliquid</strong></span> <span class='ocrx_word' id='word_1_254' title='bbox 1645 2701 2006 2764; x_wconf 88' lang='lat' dir='ltr'><strong>tribuendum,</strong></span> <span class='ocrx_word' id='word_1_255' title='bbox 2053 2707 2178 2757; x_wconf 88' lang='lat' dir='ltr'><strong>ante</strong></span> <span class='ocrx_word' id='word_1_256' title='bbox 2221 2719 2284 2758; x_wconf 91' lang='lat' dir='ltr'><strong>ea</strong></span> <span class='ocrx_word' id='word_1_257' title='bbox 2309 2701 2472 2758; x_wconf 88' lang='lat' dir='ltr'><strong>verba</strong></span> 
     </span>
     <span class='ocr_line' id='line_1_25' title="bbox 186 2802 2468 2875; baseline 0 -17"><span class='ocrx_word' id='word_1_258' title='bbox 186 2802 393 2875; x_wconf 88' lang='lat' dir='ltr'><strong>aliquid</strong></span> <span class='ocrx_word' id='word_1_259' title='bbox 444 2803 703 2860; x_wconf 84' lang='lat' dir='ltr'><strong>excidisse</strong></span> <span class='ocrx_word' id='word_1_260' title='bbox 760 2804 1106 2860; x_wconf 88' lang='lat' dir='ltr'><strong>statuendum</strong></span> <span class='ocrx_word' id='word_1_261' title='bbox 1161 2804 1283 2860; x_wconf 87' lang='lat' dir='ltr'><strong>erit.</strong></span> <span class='ocrx_word' id='word_1_262' title='bbox 1370 2805 1443 2858; x_wconf 87' lang='lat' dir='ltr'><strong>At</strong></span> <span class='ocrx_word' id='word_1_263' title='bbox 1496 2821 1644 2861; x_wconf 73' lang='lat' dir='ltr'><strong>num,</strong></span> <span class='ocrx_word' id='word_1_264' title='bbox 1678 2821 1739 2859; x_wconf 86' lang='lat' dir='ltr'><strong>ea</strong></span> <span class='ocrx_word' id='word_1_265' title='bbox 1815 2803 1977 2858; x_wconf 89' lang='lat' dir='ltr'><strong>verba</strong></span> <span class='ocrx_word' id='word_1_266' title='bbox 2036 2802 2258 2859; x_wconf 87' lang='lat' dir='ltr'><strong>Sallusti</strong></span> <span class='ocrx_word' id='word_1_267' title='bbox 2306 2804 2468 2859; x_wconf 76' lang='lat' dir='ltr'><strong>sunt?</strong></span> 
     </span>
     <span class='ocr_line' id='line_1_26' title="bbox 184 2904 2470 2979; baseline 0.001 -21"><span class='ocrx_word' id='word_1_268' title='bbox 184 2904 436 2960; x_wconf 84' lang='lat' dir='ltr'><strong>Minume.</strong></span> <span class='ocrx_word' id='word_1_269' title='bbox 520 2905 649 2960; x_wconf 91' lang='lat' dir='ltr'><strong>Nam</strong></span> <span class='ocrx_word' id='word_1_270' title='bbox 695 2904 953 2962; x_wconf 87' lang='lat' dir='ltr'><strong>credibile</strong></span> <span class='ocrx_word' id='word_1_271' title='bbox 994 2922 1105 2961; x_wconf 90' lang='lat' dir='ltr'><strong>non</strong></span> <span class='ocrx_word' id='word_1_272' title='bbox 1146 2912 1232 2961; x_wconf 88' lang='lat' dir='ltr'><strong>est</strong></span> <span class='ocrx_word' id='word_1_273' title='bbox 1276 2923 1416 2968; x_wconf 89' lang='lat' dir='ltr'><strong>eum,</strong></span> <span class='ocrx_word' id='word_1_274' title='bbox 1459 2905 1552 2979; x_wconf 89' lang='lat' dir='ltr'><strong>qui</strong></span> <span class='ocrx_word' id='word_1_275' title='bbox 1597 2910 1692 2968; x_wconf 83' lang='lat'><strong>67,</strong></span> <span class='ocrx_word' id='word_1_276' title='bbox 1737 2913 1772 2966; x_wconf 86' lang='lat'><strong>3</strong></span> <span class='ocrx_word' id='word_1_277' title='bbox 1820 2904 2122 2978; x_wconf 88' lang='lat' dir='ltr'><strong>Turpilium</strong></span> <span class='ocrx_word' id='word_1_278' title='bbox 2165 2907 2470 2977; x_wconf 81' lang='lat' dir='ltr'><strong>inprobum</strong></span> 
     </span>
     <span class='ocr_line' id='line_1_27' title="bbox 185 2983 2470 3081; baseline 0.001 -21"><span class='ocrx_word' id='word_1_279' title='bbox 185 2983 673 3078; x_wconf 62' lang='lat' dir='ltr'><strong>intestabilemque</strong></span> <span class='ocrx_word' id='word_1_280' title='bbox 726 3007 975 3068; x_wconf 78' lang='lat' dir='ltr'><strong>dixisset,</strong></span> <span class='ocrx_word' id='word_1_281' title='bbox 1030 3025 1202 3080; x_wconf 87' lang='lat' dir='ltr'><strong>genus</strong></span> <span class='ocrx_word' id='word_1_282' title='bbox 1270 3006 1500 3081; x_wconf 84' lang='lat' dir='ltr'><strong>subplici</strong></span> <span class='ocrx_word' id='word_1_283' title='bbox 1556 3007 1917 3080; x_wconf 88' lang='lat' dir='ltr'><strong>vituperasse,</strong></span> <span class='ocrx_word' id='word_1_284' title='bbox 1985 3012 2196 3062; x_wconf 88' lang='lat' dir='ltr'><strong>certum</strong></span> <span class='ocrx_word' id='word_1_285' title='bbox 2255 3006 2470 3062; x_wconf 90' lang='lat' dir='ltr'><strong>videtur</strong></span> 
     </span>
     <span class='ocr_line' id='line_1_28' title="bbox 187 3107 2470 3183; baseline 0 -20"><span class='ocrx_word' id='word_1_286' title='bbox 187 3125 309 3164; x_wconf 88' lang='lat' dir='ltr'><strong>eum</strong></span> <span class='ocrx_word' id='word_1_287' title='bbox 355 3107 631 3164; x_wconf 89' lang='lat' dir='ltr'><strong>Metellum</strong></span> <span class='ocrx_word' id='word_1_288' title='bbox 673 3107 859 3182; x_wconf 91' lang='lat' dir='ltr'><strong>potius</strong></span> <span class='ocrx_word' id='word_1_289' title='bbox 896 3117 1273 3166; x_wconf 79' lang='lat' dir='ltr'><strong>excusaturum</strong></span> <span class='ocrx_word' id='word_1_290' title='bbox 1307 3127 1467 3182; x_wconf 89' lang='lat' dir='ltr'><strong>quam</strong></span> <span class='ocrx_word' id='word_1_291' title='bbox 1511 3107 1970 3183; x_wconf 88' lang='lat' dir='ltr'><strong>reprehensurum</strong></span> <span class='ocrx_word' id='word_1_292' title='bbox 2015 3107 2212 3170; x_wconf 78' lang='lat' dir='ltr'><strong>fuisse:</strong></span> <span class='ocrx_word' id='word_1_293' title='bbox 2264 3114 2378 3163; x_wconf 89' lang='lat' dir='ltr'><strong>tum</strong></span> <span class='ocrx_word' id='word_1_294' title='bbox 2418 3110 2470 3164; x_wconf 75' lang='lat' dir='ltr'><strong>is</strong></span> 
     </span>
     <span class='ocr_line' id='line_1_29' title="bbox 185 3193 2502 3285; baseline 0 -21"><span class='ocrx_word' id='word_1_295' title='bbox 185 3209 348 3265; x_wconf 88' lang='lat' dir='ltr'><strong>habet</strong></span> <span class='ocrx_word' id='word_1_296' title='bbox 393 3210 541 3283; x_wconf 90' lang='lat' dir='ltr'><strong>quod</strong></span> <span class='ocrx_word' id='word_1_297' title='bbox 586 3193 858 3284; x_wconf 84' lang='lat' dir='ltr'><strong>glossema</strong></span> <span class='ocrx_word' id='word_1_298' title='bbox 897 3212 1101 3285; x_wconf 88' lang='lat' dir='ltr'><strong>sapiat;</strong></span> <span class='ocrx_word' id='word_1_299' title='bbox 1146 3211 1378 3284; x_wconf 90' lang='lat' dir='ltr'><strong>denique</strong></span> <span class='ocrx_word' id='word_1_300' title='bbox 1416 3228 1519 3285; x_wconf 91' lang='lat' dir='ltr'><strong>pro</strong></span> <span class='ocrx_word' id='word_1_301' title='bbox 1559 3214 1690 3265; x_wconf 82' lang='lat' dir='ltr'><strong>erat</strong></span> <span class='ocrx_word' id='word_1_302' title='bbox 1717 3215 1864 3264; x_wconf 87' lang='lat' dir='ltr'><strong>certe</strong></span> <span class='ocrx_word' id='word_1_303' title='bbox 1897 3208 2210 3283; x_wconf 89' lang='lat' dir='ltr'><strong>scripsisset</strong></span> <span class='ocrx_word' id='word_1_304' title='bbox 2252 3208 2304 3264; x_wconf 91' lang='lat' dir='ltr'><strong>S.</strong></span> <span class='ocrx_word' id='word_1_305' title='bbox 2331 3207 2502 3282; x_wconf 74' lang='lat' dir='ltr'><strong>fuit.‘</strong></span> 
     </span>
     <span class='ocr_line' id='line_1_30' title="bbox 185 3310 2466 3387; baseline 0.001 -21"><span class='ocrx_word' id='word_1_306' title='bbox 185 3311 300 3379; x_wconf 82' lang='lat' dir='ltr'><strong>Qua</strong></span> <span class='ocrx_word' id='word_1_307' title='bbox 326 3329 388 3367; x_wconf 92' lang='lat' dir='ltr'><strong>re</strong></span> <span class='ocrx_word' id='word_1_308' title='bbox 434 3329 550 3368; x_wconf 85' lang='lat' dir='ltr'><strong>mea</strong></span> <span class='ocrx_word' id='word_1_309' title='bbox 586 3313 801 3386; x_wconf 88' lang='lat' dir='ltr'><strong>quidem</strong></span> <span class='ocrx_word' id='word_1_310' title='bbox 846 3313 1116 3368; x_wconf 86' lang='lat' dir='ltr'><strong>sententia</strong></span> <span class='ocrx_word' id='word_1_311' title='bbox 1158 3312 1319 3368; x_wconf 90' lang='lat' dir='ltr'><strong>verba</strong></span> <span class='ocrx_word' id='word_1_312' title='bbox 1361 3311 1453 3366; x_wconf 90' lang='lat' dir='ltr'><strong>illa</strong></span> <span class='ocrx_word' id='word_1_313' title='bbox 1492 3311 1916 3384; x_wconf 82' lang='lat' dir='ltr'><strong>reliquiae-sunt</strong></span> <span class='ocrx_word' id='word_1_314' title='bbox 1945 3310 2214 3385; x_wconf 83' lang='lat' dir='ltr'><strong>longioris</strong></span> <span class='ocrx_word' id='word_1_315' title='bbox 2250 3311 2466 3387; x_wconf 86' lang='lat' dir='ltr'><strong>glossae</strong></span> 
     </span>
     <span class='ocr_line' id='line_1_31' title="bbox 185 3413 2465 3495; baseline 0.001 -26"><span class='ocrx_word' id='word_1_316' title='bbox 185 3413 529 3488; x_wconf 84' lang='lat' dir='ltr'><strong>marginalis,</strong></span> <span class='ocrx_word' id='word_1_317' title='bbox 592 3433 697 3488; x_wconf 88' lang='lat' dir='ltr'><strong>qua</strong></span> <span class='ocrx_word' id='word_1_318' title='bbox 760 3415 974 3488; x_wconf 81' lang='lat' dir='ltr'><strong>aliquiS,</strong></span> <span class='ocrx_word' id='word_1_319' title='bbox 1028 3415 1309 3471; x_wconf 88' lang='lat' dir='ltr'><strong>doctrinae</strong></span> <span class='ocrx_word' id='word_1_320' title='bbox 1352 3413 1566 3488; x_wconf 88' lang='lat' dir='ltr'><strong>copiam</strong></span> <span class='ocrx_word' id='word_1_321' title='bbox 1623 3431 1774 3470; x_wconf 91' lang='lat' dir='ltr'><strong>suam</strong></span> <span class='ocrx_word' id='word_1_322' title='bbox 1819 3413 2128 3495; x_wconf 78' lang='lat' dir='ltr'><strong>effundenS,</strong></span> <span class='ocrx_word' id='word_1_323' title='bbox 2174 3416 2465 3478; x_wconf 89' lang='lat' dir='ltr'><strong>monuerit,</strong></span> 
     </span>
     <span class='ocr_line' id='line_1_32' title="bbox 186 3515 2468 3591; baseline 0.001 -20"><span class='ocrx_word' id='word_1_324' title='bbox 186 3533 296 3572; x_wconf 91' lang='lat' dir='ltr'><strong>non</strong></span> <span class='ocrx_word' id='word_1_325' title='bbox 350 3515 603 3573; x_wconf 86' lang='lat' dir='ltr'><strong>debuisse</strong></span> <span class='ocrx_word' id='word_1_326' title='bbox 660 3515 962 3590; x_wconf 88' lang='lat' dir='ltr'><strong>Turpilium</strong></span> <span class='ocrx_word' id='word_1_327' title='bbox 1014 3518 1195 3574; x_wconf 88' lang='lat' dir='ltr'><strong>necari</strong></span> <span class='ocrx_word' id='word_1_328' title='bbox 1248 3517 1665 3591; x_wconf 88' lang='lat' dir='ltr'><strong>verberarique;</strong></span> <span class='ocrx_word' id='word_1_329' title='bbox 1719 3533 1840 3572; x_wconf 85' lang='lat' dir='ltr'><strong>nam</strong></span> <span class='ocrx_word' id='word_1_330' title='bbox 1896 3532 2019 3572; x_wconf 90' lang='lat' dir='ltr'><strong>eum</strong></span> <span class='ocrx_word' id='word_1_331' title='bbox 2073 3534 2186 3573; x_wconf 91' lang='lat' dir='ltr'><strong>non</strong></span> <span class='ocrx_word' id='word_1_332' title='bbox 2239 3516 2468 3573; x_wconf 87' lang='lat' dir='ltr'><strong>latinum</strong></span> 
     </span>
     <span class='ocr_line' id='line_1_33' title="bbox 186 3618 1327 3683; baseline 0 -9"><span class='ocrx_word' id='word_1_333' title='bbox 186 3626 269 3674; x_wconf 87' lang='lat' dir='ltr'><strong>set</strong></span> <span class='ocrx_word' id='word_1_334' title='bbox 310 3619 479 3675; x_wconf 89' lang='lat' dir='ltr'><strong>civem</strong></span> <span class='ocrx_word' id='word_1_335' title='bbox 524 3618 709 3674; x_wconf 82' lang='lat' dir='ltr'><strong>fuisse.</strong></span> <span class='ocrx_word' id='word_1_336' title='bbox 1320 3675 1327 3683; x_wconf 80' lang='grc'><strong>,</strong></span> 
     </span>
    </p>

    <p class='ocr_par' dir='ltr' id='par_1_5' title="bbox 184 3718 2469 4406">
     <span class='ocr_line' id='line_1_34' title="bbox 352 3718 2468 3797; baseline 0.002 -24"><span class='ocrx_word' id='word_1_337' title='bbox 352 3718 469 3794; x_wconf 85' lang='lat' dir='ltr'><strong>lug.</strong></span> <span class='ocrx_word' id='word_1_338' title='bbox 514 3725 611 3792; x_wconf 79' lang='lat'><strong>71,</strong></span> <span class='ocrx_word' id='word_1_339' title='bbox 652 3725 689 3778; x_wconf 86' lang='lat'>4</span> <span class='ocrx_word' id='word_1_340' title='bbox 728 3726 785 3776; x_wconf 81' lang='lat' dir='ltr'><strong>et</strong></span> <span class='ocrx_word' id='word_1_341' title='bbox 828 3721 974 3794; x_wconf 90' lang='lat' dir='ltr'><strong>quod</strong></span> <span class='ocrx_word' id='word_1_342' title='bbox 1018 3738 1227 3777; x_wconf 90' lang='lat' dir='ltr'><strong>summo</strong></span> <span class='ocrx_word' id='word_1_343' title='bbox 1282 3737 1554 3777; x_wconf 86' lang='lat' dir='ltr'><strong>consensu</strong></span> <span class='ocrx_word' id='word_1_344' title='bbox 1607 3721 1820 3797; x_wconf 89' lang='lat' dir='ltr'><strong>optumi</strong></span> <span class='ocrx_word' id='word_1_345' title='bbox 1865 3719 1992 3777; x_wconf 87' lang='lat' dir='ltr'><strong>libri</strong></span> <span class='ocrx_word' id='word_1_346' title='bbox 2050 3729 2302 3786; x_wconf 90' lang='lat' dir='ltr'><strong>tuentur,</strong></span> <span class='ocrx_word' id='word_1_347' title='bbox 2356 3740 2468 3779; x_wconf 91' lang='lat' dir='ltr'><strong>non</strong></span> 
     </span>
     <span class='ocr_line' id='line_1_35' title="bbox 185 3820 2466 3897; baseline 0 -20"><span class='ocrx_word' id='word_1_348' title='bbox 185 3829 331 3878; x_wconf 91' lang='lat' dir='ltr'><strong>recte</strong></span> <span class='ocrx_word' id='word_1_349' title='bbox 376 3838 407 3876; x_wconf 89' lang='lat' dir='ltr'><strong>a</strong></span> <span class='ocrx_word' id='word_1_350' title='bbox 450 3820 727 3896; x_wconf 87' lang='lat' dir='ltr'><strong>plerisque</strong></span> <span class='ocrx_word' id='word_1_351' title='bbox 770 3840 871 3896; x_wconf 89' lang='lat' dir='ltr'><strong>per</strong></span> <span class='ocrx_word' id='word_1_352' title='bbox 912 3821 1279 3896; x_wconf 83' lang='lat' dir='ltr'><strong>glossatorem</strong></span> <span class='ocrx_word' id='word_1_353' title='bbox 1322 3821 1591 3880; x_wconf 89' lang='lat' dir='ltr'><strong>adiectum</strong></span> <span class='ocrx_word' id='word_1_354' title='bbox 1637 3831 1885 3897; x_wconf 89' lang='lat' dir='ltr'><strong>putatum</strong></span> <span class='ocrx_word' id='word_1_355' title='bbox 1921 3831 2022 3880; x_wconf 90' lang='lat' dir='ltr'><strong>est.</strong></span> <span class='ocrx_word' id='word_1_356' title='bbox 2107 3822 2246 3890; x_wconf 84' lang='lat' dir='ltr'><strong>Quid</strong></span> <span class='ocrx_word' id='word_1_357' title='bbox 2290 3824 2466 3880; x_wconf 77' lang='lat' dir='ltr'><strong>enim?</strong></span> 
     </span>
     <span class='ocr_line' id='line_1_36' title="bbox 184 3921 2466 3998; baseline 0 -20"><span class='ocrx_word' id='word_1_358' title='bbox 184 3924 372 3980; x_wconf 89' lang='lat' dir='ltr'><strong>Nonne</strong></span> <span class='ocrx_word' id='word_1_359' title='bbox 416 3921 675 3980; x_wconf 87' lang='lat' dir='ltr'><strong>Sallustio</strong></span> <span class='ocrx_word' id='word_1_360' title='bbox 720 3941 836 3980; x_wconf 89' lang='lat' dir='ltr'><strong>rem</strong></span> <span class='ocrx_word' id='word_1_361' title='bbox 882 3923 959 3979; x_wconf 89' lang='lat' dir='ltr'><strong>sic</strong></span> <span class='ocrx_word' id='word_1_362' title='bbox 1000 3940 1220 3980; x_wconf 86' lang='lat' dir='ltr'><strong>narrare</strong></span> <span class='ocrx_word' id='word_1_363' title='bbox 1262 3923 1489 3981; x_wconf 84' lang='lat' dir='ltr'><strong>licebat:</strong></span> <span class='ocrx_word' id='word_1_364' title='bbox 1537 3924 1638 3992; x_wconf 84' lang='lat' dir='ltr'><strong>Qui</strong></span> <span class='ocrx_word' id='word_1_365' title='bbox 1678 3933 1968 3998; x_wconf 89' lang='lat' dir='ltr'><strong>postquam</strong></span> <span class='ocrx_word' id='word_1_366' title='bbox 2005 3925 2216 3980; x_wconf 88' lang='lat' dir='ltr'><strong>litteras</strong></span> <span class='ocrx_word' id='word_1_367' title='bbox 2261 3923 2466 3979; x_wconf 91' lang='lat' dir='ltr'><strong>adlatas</strong></span> 
     </span>
     <span class='ocr_line' id='line_1_37' title="bbox 186 4024 2465 4104; baseline 0.001 -24"><span class='ocrx_word' id='word_1_368' title='bbox 186 4024 385 4081; x_wconf 89' lang='lat' dir='ltr'><strong>audivit</strong></span> <span class='ocrx_word' id='word_1_369' title='bbox 430 4040 657 4098; x_wconf 87' lang='lat' dir='ltr'><strong>eamque</strong></span> <span class='ocrx_word' id='word_1_370' title='bbox 704 4025 774 4083; x_wconf 87' lang='lat' dir='ltr'><strong>ob</strong></span> <span class='ocrx_word' id='word_1_371' title='bbox 813 4043 1057 4082; x_wconf 86' lang='lat' dir='ltr'><strong>caussam</strong></span> <span class='ocrx_word' id='word_1_372' title='bbox 1094 4024 1148 4104; x_wconf 83' lang='lat' dir='ltr'><strong>(i.</strong></span> <span class='ocrx_word' id='word_1_373' title='bbox 1181 4044 1227 4082; x_wconf 90' lang='lat' dir='ltr'><strong>e.</strong></span> <span class='ocrx_word' id='word_1_374' title='bbox 1269 4028 1366 4100; x_wconf 83' lang='lat' dir='ltr'><strong>et),</strong></span> <span class='ocrx_word' id='word_1_375' title='bbox 1413 4029 1559 4102; x_wconf 89' lang='lat' dir='ltr'><strong>quod</strong></span> <span class='ocrx_word' id='word_1_376' title='bbox 1591 4031 1757 4101; x_wconf 83' lang='lat' dir='ltr'><strong>opera</strong></span> <span class='ocrx_word' id='word_1_377' title='bbox 1789 4033 1883 4082; x_wconf 88' lang='lat' dir='ltr'><strong>aut</strong></span> <span class='ocrx_word' id='word_1_378' title='bbox 1924 4025 2145 4099; x_wconf 89' lang='lat' dir='ltr'><strong>ingenio</strong></span> <span class='ocrx_word' id='word_1_379' title='bbox 2189 4043 2291 4081; x_wconf 90' lang='lat' dir='ltr'><strong>suo</strong></span> <span class='ocrx_word' id='word_1_380' title='bbox 2325 4043 2465 4102; x_wconf 91' lang='lat' dir='ltr'><strong>opus</strong></span> 
     </span>
     <span class='ocr_line' id='line_1_38' title="bbox 188 4126 2467 4201; baseline 0 -19"><span class='ocrx_word' id='word_1_381' title='bbox 188 4144 305 4183; x_wconf 90' lang='lat' dir='ltr'><strong>esse</strong></span> <span class='ocrx_word' id='word_1_382' title='bbox 348 4126 748 4190; x_wconf 85' lang='lat' dir='ltr'><strong>arbitrabatur,</strong></span> <span class='ocrx_word' id='word_1_383' title='bbox 795 4145 972 4201; x_wconf 89' lang='lat' dir='ltr'><strong>neque</strong></span> <span class='ocrx_word' id='word_1_384' title='bbox 1016 4128 1308 4184; x_wconf 89' lang='lat' dir='ltr'><strong>arcessitus</strong></span> <span class='ocrx_word' id='word_1_385' title='bbox 1352 4145 1529 4201; x_wconf 90' lang='lat' dir='ltr'><strong>neque</strong></span> <span class='ocrx_word' id='word_1_386' title='bbox 1572 4128 1724 4184; x_wconf 89' lang='lat' dir='ltr'><strong>aditu</strong></span> <span class='ocrx_word' id='word_1_387' title='bbox 1766 4128 1892 4183; x_wconf 91' lang='lat' dir='ltr'><strong>dato</strong></span> <span class='ocrx_word' id='word_1_388' title='bbox 1941 4127 2344 4183; x_wconf 87' lang='lat' dir='ltr'><strong>tabernaculum</strong></span> <span class='ocrx_word' id='word_1_389' title='bbox 2386 4128 2467 4184; x_wconf 89' lang='lat' dir='ltr'><strong>in-</strong></span> 
     </span>
     <span class='ocr_line' id='line_1_39' title="bbox 189 4227 2468 4305; baseline 0.001 -22"><span class='ocrx_word' id='word_1_390' title='bbox 189 4229 356 4291; x_wconf 88' lang='lat' dir='ltr'><strong>troiit,</strong></span> <span class='ocrx_word' id='word_1_391' title='bbox 402 4227 694 4303; x_wconf 88' lang='lat' dir='ltr'><strong>epistulam</strong></span> <span class='ocrx_word' id='word_1_392' title='bbox 736 4228 895 4285; x_wconf 83' lang='lat' dir='ltr'><strong>facile</strong></span> <span class='ocrx_word' id='word_1_393' title='bbox 940 4230 1217 4305; x_wconf 87' lang='lat' dir='ltr'><strong>repperit?</strong></span> <span class='ocrx_word' id='word_1_394' title='bbox 1302 4229 1501 4286; x_wconf 86' lang='lat' dir='ltr'><strong>Contra</strong></span> <span class='ocrx_word' id='word_1_395' title='bbox 1543 4230 1689 4304; x_wconf 89' lang='lat' dir='ltr'><strong>quod</strong></span> <span class='ocrx_word' id='word_1_396' title='bbox 1723 4231 1776 4284; x_wconf 89' lang='lat' dir='ltr'><strong>in</strong></span> <span class='ocrx_word' id='word_1_397' title='bbox 1805 4227 2083 4303; x_wconf 84' lang='lat' dir='ltr'><strong>plerisque</strong></span> <span class='ocrx_word' id='word_1_398' title='bbox 2115 4228 2272 4285; x_wconf 90' lang='lat' dir='ltr'><strong>libris</strong></span> <span class='ocrx_word' id='word_1_399' title='bbox 2301 4229 2468 4304; x_wconf 87' lang='lat' dir='ltr'><strong>paulo</strong></span> 
     </span>
     <span class='ocr_line' id='line_1_40' title="bbox 188 4329 2469 4406; baseline 0.001 -18"><span class='ocrx_word' id='word_1_400' title='bbox 188 4339 309 4406; x_wconf 89' lang='lat' dir='ltr'><strong>post</strong></span> <span class='ocrx_word' id='word_1_401' title='bbox 347 4330 561 4406; x_wconf 82' lang='lat' dir='ltr'><strong>legitur</strong></span> <span class='ocrx_word' id='word_1_402' title='bbox 613 4337 673 4387; x_wconf 79' lang='lat' dir='ltr'><strong>ee</strong></span> <span class='ocrx_word' id='word_1_403' title='bbox 712 4347 833 4388; x_wconf 89' lang='lat' dir='ltr'><strong>rem</strong></span> <span class='ocrx_word' id='word_1_404' title='bbox 876 4347 1093 4388; x_wconf 85' lang='lat' dir='ltr'><strong>omnem</strong></span> <span class='ocrx_word' id='word_1_405' title='bbox 1139 4333 1225 4388; x_wconf 76' lang='lat' dir='ltr'><strong>uti</strong></span> <span class='ocrx_word' id='word_1_406' title='bbox 1261 4338 1393 4388; x_wconf 83' lang='lat' dir='ltr'><strong>acta</strong></span> <span class='ocrx_word' id='word_1_407' title='bbox 1428 4340 1557 4388; x_wconf 80' lang='lat' dir='ltr'><strong>erat</strong></span> <span class='ocrx_word' id='word_1_408' title='bbox 1599 4347 1678 4388; x_wconf 77' lang='lat' dir='ltr'><strong>ex</strong></span> <span class='ocrx_word' id='word_1_409' title='bbox 1698 4329 1972 4404; x_wconf 72' lang='lat' dir='ltr'><strong>persuyis</strong></span> <span class='ocrx_word' id='word_1_410' title='bbox 2009 4335 2270 4406; x_wconf 78' lang='lat' dir='ltr'><strong>coynovit</strong></span> <span class='ocrx_word' id='word_1_411' title='bbox 2309 4334 2469 4391; x_wconf 86' lang='lat' dir='ltr'><strong>vitio·</strong></span> 
     </span>
    </p>
   </div>
   <div class='ocr_carea' id='block_1_5' title="bbox 1926 4431 2017 4494">
    <p class='ocr_par' dir='ltr' id='par_1_6' title="bbox 1926 4431 2017 4494">
     <span class='ocr_line' id='line_1_41' title="bbox 1926 4431 2017 4494; baseline 0 -22"><span class='ocrx_word' id='word_1_412' title='bbox 1926 4431 2017 4494; x_wconf 71' lang='grc'><strong>6*</strong></span> 
     </span>
    </p>
   </div>
   <div class='ocr_carea' id='block_1_6' title="bbox 2201 4536 2226 4564">
    <p class='ocr_par' dir='ltr' id='par_1_7' title="bbox 2201 4536 2226 4564">
     <span class='ocr_line' id='line_1_42' title="bbox 2201 4536 2226 4564; baseline 0 0"><span class='ocrx_word' id='word_1_413' title='bbox 2201 4536 2226 4564; x_wconf 60' lang='lat' dir='ltr'>X</span> 
     </span>
    </p>
   </div>
  </div>
 </body>
</html>
