3042 4917
566 281 685 346 130
1242 298 1849 346 conlimitanei-tun
1895 297 2038 346 cAe.
2083 300 2146 344 v.

703 455 1007 517 ‚Emendati
1050 455 1157 514 loci
1200 455 1315 530 lug.
1354 463 1439 521 97,
1474 467 1507 518 5
1551 457 1670 514 laus
1713 457 1946 514 debetur
1989 456 2242 522 Linkero,
2291 458 2384 532 qui
2414 459 2695 534 perspexit
2721 476 2856 534 per-

560 576 719 616 vorse
762 558 867 616 dici
910 559 977 615 ab
1015 559 1270 616 Romanis
1313 557 1451 616 alios
1494 577 1714 622 caesos,
1760 559 1898 616 alios
1941 559 2300 616 obtruncatos
2349 575 2502 626 esse;
2558 561 2856 618 dicendum

563 679 684 719 esse
724 661 855 736 quid
900 662 1125 718 Romani
1176 660 1378 717 divorsi
1430 661 1678 718 fecerint.
1773 662 1868 718 Set
1903 661 2077 718 miror
2121 663 2548 721 emendationem
2607 662 2676 720 ab
2729 665 2856 719 viro

561 765 894 822 doctissumo
935 764 1255 821 rectissume
1302 764 1606 822 institutam
1650 781 1762 820 non
1802 764 2102 839 perfectam
2147 781 2284 822 esse.
2355 765 2472 832 Quo
2506 766 2671 822 modo
2705 765 2858 822 enim

561 868 787 923 Romani
830 868 1021 936 hostes
1056 866 1149 940 qui
1183 883 1411 922 numero
1441 867 1658 941 priores
1688 874 1744 923 et
1775 867 2013 941 undique
2042 867 2357 926 circumfusi
2393 875 2550 941 erant
2589 867 2658 923 ab
2689 874 2858 940 tergo

562 969 951 1026 circumvenire
996 970 1261 1044 potuere?
1301 976 1357 1026 et
1394 986 1493 1026 cur
1538 968 1828 1026 Sallustius
1873 971 2180 1026 advorsum
2209 971 2401 1028 hostes
2444 969 2681 1046 scripsit,
2728 987 2860 1026 cum

564 1072 788 1128 deberet
844 1073 1151 1129 advorsum
1206 1072 1305 1128 se?
1394 1071 1855 1128 Commodissume
1891 1072 1931 1129 P
1977 1078 2032 1128 et
2073 1066 2142 1128 P1
2187 1072 2552 1129 exhibuerunt
2599 1073 2858 1128 circum-

568 1176 767 1244 veniri,
807 1174 949 1230 unde
992 1173 1156 1232 etiam
1193 1176 1357 1230 multi
1396 1182 1450 1230 et
1498 1182 1829 1247 puynantes
1874 1173 2273 1232 restituendum
2313 1175 2554 1250 adparet.

736 1345 943 1403 Timide
982 1345 1120 1401 hanc
1163 1362 1416 1420 propono
1463 1345 1806 1408 sententiam,
1851 1344 2138 1404 videndum
2174 1361 2293 1400 esse
2323 1361 2506 1400 annon
2549 1343 2665 1418 lug.
2707 1351 2797 1407 98,
2834 1354 2860 1406 1

568 1447 919 1504 scribundum
962 1447 1035 1503 sit
1077 1464 1252 1502 manu
1298 1449 1599 1504 consulere
1645 1463 1715 1503 ac
1762 1448 2093 1520 siqnificare
2135 1449 2420 1502 militibus.
2511 1446 2866 1519 Siyuificare

568 1550 713 1606 enim
758 1550 903 1624 quod
946 1547 1097 1605 solus
1142 1567 1191 1605 m
1242 1548 1475 1612 exhibet,
1522 1549 1633 1606 tale
1673 1557 1775 1611 est,
1822 1550 1968 1623 quod
2002 1555 2062 1604 ut
2089 1548 2191 1605 sibi
2228 1549 2539 1624 obponatur
2569 1550 2863 1623 sequentia

568 1655 836 1724 quoniam
877 1654 1154 1724 inperare
1198 1653 1552 1708 conturbatis
1605 1653 1864 1708 omnibus
1907 1669 2022 1708 non
2069 1657 2304 1724 poterat
2350 1669 2522 1726 paene
2571 1652 2868 1708 videantur

568 1754 887 1828 efflagitare.
2253 1749 2258 1754 ’

737 1907 853 1981 lug.
905 1916 1032 1970 100,
1076 1913 1111 1965 4
1152 1925 1277 1963 cum
1318 1912 1494 1963 castra
1541 1921 1653 1962 non
1696 1923 1856 1962 unam
1913 1913 2130 1982 portam
2178 1906 2414 1962 habeant
2459 1873 2635 1979 neque
2675 1914 2866 1978 porta

568 2009 725 2066 notio
772 2009 871 2074 sit,
918 2026 1054 2084 quae
1097 2007 1378 2065 collective
1423 2007 1506 2064 vel
1553 2007 1884 2080 generaliter
1926 2009 2031 2065 dici
2072 2009 2278 2084 possit,
2328 1995 2653 2082 praesertim
2699 2009 2756 2065 in
2801 2028 2866 2065 re

569 2112 817 2176 militari,
876 2129 1138 2169 summam
1180 2109 1521 2184 diligentiam
1572 2126 1681 2166 non
1721 2110 1898 2168 solum
1938 2110 2004 2166 ab
2052 2109 2454 2184 inperatoribus
2496 2118 2551 2167 et
2587 2110 2865 2168 militibus

570 2223 653 2271 set
695 2215 856 2271 etiam
899 2213 966 2270 ab
1018 2213 1383 2288 scriptoribus
1428 2212 1678 2286 exigente
1719 2221 1775 2269 et
1808 2211 2152 2288 postulante,
2210 2212 2399 2286 utique
2443 2212 2724 2286 probanda
2775 2221 2869 2269 est

567 2317 735 2391 Lipsii
774 2315 1075 2372 emendatio
1116 2317 1177 2370 in
1209 2323 1449 2386 portam,
1500 2321 1564 2370 ut
1621 2313 1820 2370 Marius
1863 2315 2157 2388 diligenter
2209 2332 2405 2397 omnes·
2453 2322 2642 2390 portas
2699 2333 2868 2389 prae·
2906 2364 2912 2373 .

570 2419 720 2474 sidiis
764 2417 1058 2474 munivisse
1095 2417 1324 2473 dicatur.
1413 2415 1581 2472 Paulo
1613 2425 1742 2489 post
1783 2407 1913 2473 num
1952 2424 2098 2474 reete
2138 2434 2202 2472 ex
2228 2415 2496 2472 librorum
2531 2418 2869 2474 vetustissu-

568 2537 780 2576 morum
833 2519 1119 2593 scripturis
1181 2517 1574 2574 emendaverim
1632 2520 1850 2589 equites
1909 2535 1989 2575 ex
2047 2517 2382 2574 auxiliariis
2435 2517 2595 2592 aequi
2648 2519 2867 2576 iudices

568 2621 800 2677 videant.
891 2619 1046 2687 Quod
1094 2627 1212 2676 tum
1264 2619 1477 2692 futura
1545 2621 1838 2696 conrigens
1900 2620 2218 2678 Sallustium
2274 2619 2497 2676 libet-avi
2555 2620 2868 2694 obprobrio

570 2740 703 2778 usus
749 2739 815 2777 ex
859 2721 1107 2778 obsoleta
1151 2722 1476 2796 antiquitate
1513 2723 1762 2797 repetiti,
1805 2722 2061 2780 audacius
2118 2721 2321 2805 sactum
2371 2739 2491 2778 esse
2541 2721 2701 2778 multi
2749 2722 2870 2779 cla-

568 2824 811 2886 mabunt,
859 2823 1062 2898 quippe
1108 2823 1204 2897 qui
1249 2824 1566 2881 Sallustium
1611 2825 1791 2882 omnia
1825 2825 1930 2881 sibi
1965 2823 2254 2881 indulsisse
2289 2823 2512 2898 fingant.
2586 2821 2872 2881 Consolor

568 2945 653 2984 me
695 2909 929 2990 inte-rea,
987 2927 1130 3000 quod
1172 2925 1413 2983 Halmius
1450 2943 1604 2982 meus
1649 2927 1782 2985 adeo
1826 2935 2019 2983 contra
2059 2927 2120 2981 A.
2168 2925 2306 2981 Gelli
2348 2926 2408 2982 N.
2458 2928 2518 2980 A.
2561 2926 2583 2981 1
2626 2931 2657 2987 7
2703 2928 2871 2982 testi-

571 3029 814 3087 monium
855 3047 939 3103 ap.
987 3027 1092 3085 Cic.
1139 3029 1194 3085 in
1239 3028 1391 3085 Verr.
1436 3028 1478 3082 V
1519 3035 1617 3092 65,
1665 3034 1763 3090 167
1820 3045 1987 3085 unum
2040 3027 2309 3100 futuram
2350 3027 2688 3102 probandum
2733 3042 2871 3085 cen-

571 3133 697 3190 suit.
781 3132 863 3187 Ab
901 3129 1161 3188 Sallustio
1202 3131 1475 3204 futurum
1520 3130 1786 3205 scriptum
1834 3148 1953 3186 esse
1999 3130 2183 3186 nullus
2224 3130 2456 3186 idoneus
2512 3137 2567 3186 et
2608 3128 2870 3204 locuples

571 3236 729 3292 testis
778 3221 1069 3291 memoriae
1112 3235 1387 3308 prodidit,
1443 3251 1544 3290 nec
1588 3232 1784 3288 mirum
1833 3240 1918 3288 est
1974 3231 2228 3288 librarios
2273 3232 2472 3311 duritie
2519 3231 2758 3288 offensos
2809 3242 2870 3288 et

570 3353 693 3394 esse
733 3337 991 3393 omissum
1031 3353 1143 3392 non
1179 3337 1409 3393 serentis
1451 3335 1802 3410 participium
1844 3335 1910 3391 ad
1956 3334 2350 3391 substantivum
2399 3333 2699 3408 adaptasse.

742 3522 858 3597 lug.
904 3527 1033 3584 102,
1074 3527 1108 3579 2
1152 3520 1315 3595 volgo
1370 3520 1632 3578 edebatur
1677 3523 1817 3579 velle
1869 3523 1941 3578 de
1993 3537 2097 3579 suo
2147 3529 2201 3577 et
2253 3523 2323 3578 de
2369 3523 2581 3593 populi
2631 3525 2872 3578 romani

572 3627 861 3686 commodo
903 3641 1031 3680 cum
1070 3604 1163 3680 eis*
1198 3625 1502 3680 disserere.
1585 3624 1906 3681 Dubitavere
1951 3623 2053 3679 viri
2092 3624 2240 3680 docti
2285 3640 2414 3680 num
2457 3638 2599 3679 suus
2626 3623 2692 3679 ad
2726 3624 2868 3681 Boc-

573 3730 735 3786 chum
778 3725 1009 3783 relatum
1053 3733 1201 3783 recte
1234 3725 1437 3782 dictum
1476 3727 1575 3790 sit,
1627 3727 1696 3783 de
1742 3745 1847 3800 qua
1891 3743 1952 3782 re
1999 3724 2270 3801 disputavi
2315 3725 2472 3782 Obss
2517 3744 2572 3799 p.
2615 3731 2866 3785 20—22.

574 3831 737 3888 Recte
774 3836 953 3886 autem
990 3845 1311 3904 persensum
1354 3838 1502 3892 erat,
1557 3828 1736 3885 minus
1787 3828 2070 3885 commode
2111 3815 2380 3885 Bocchum
2435 3844 2557 3884 cum
2611 3827 2678 3884 de
2723 3845 2866 3902 pace

574 3941 795 3989 acturus
838 3939 998 3995 esset,
1040 3932 1107 3990 de
1152 3949 1252 3987 suo
1295 3931 1581 3988 commodo
1626 3931 1821 3995 dicere,
1867 3931 2046 3986 minus
2091 3930 2373 3987 commode
2417 3945 2575 3986 suum
2617 3946 2868 3986 commo-

574 4035 698 4091 dum
756 4041 881 4091 ante
928 4034 1293 4090 Romanorum
1338 4049 1764 4091 conmemorare.
1861 4033 2008 4100 Quae
2066 4032 2246 4088 omnia
2301 4040 2675 4096 removentur,
2733 4051 2862 4089 cum

577 4145 833 4212 optumos
878 4135 1050 4193 libros
1076 4135 1269 4194 0secuti
1314 4137 1383 4193 de
1406 4152 1466 4192 se
1512 4142 1567 4192 et
1608 4137 1677 4192 de
1711 4152 1810 4207 po,
1847 4153 1932 4191 νο.
1978 4136 2269 4192 commodo
2303 4136 2592 4191 disserere
2623 4135 2864 4210 scripse-

575 4240 760 4296 rimus,
851 4239 908 4294 ln
954 4240 1200 4296 oratione
1247 4236 1427 4296 Sullae
1471 4256 1610 4313 quae
1663 4236 1916 4312 sequitur
1957 4247 2018 4299 5,
2068 4255 2193 4294 cum
2247 4237 2379 4292 mihi
2435 4237 2548 4293 veri
2593 4237 2864 4294 dissimile

482 4385 487 4391 .
572 4342 865 4404 videretur,
910 4341 1165 4397 librarios
1209 4340 1355 4415 quod
1401 4339 1694 4396 Sallustius
1735 4337 1803 4396 ab
1847 4346 1913 4396 ut
1952 4340 2192 4413 pendere
2228 4347 2286 4396 et
2313 4339 2382 4394 de
2409 4338 2622 4396 Boccho
2653 4338 2864 4397 dictum
