3042 4917
921 313 1526 361 OORMENTATIONUM
1575 315 1716 362 cu.
1765 317 1853 360 ιν.
2445 297 2522 362 91

248 489 508 548 magnum
554 472 723 529 tuisse
759 488 821 529 ex
862 478 956 536 86.
999 478 1036 533 4
1072 471 1413 547 intellegitur
1458 501 1534 514 —
1581 471 1833 530 hostibus
1875 471 2172 535 restitisse,
2213 463 2297 527 'an
2342 487 2530 528 omnes

250 575 542 638 RomanoS‚
592 575 915 648 ubicumque
946 575 1273 648 potuissent,
1321 574 1546 631 orbibus
1590 575 1748 632 factis
1777 575 1883 630 vim
1911 574 2129 631 illorum
2157 574 2530 631 sustentasse?

250 677 318 732 Et
364 695 495 733 num
536 676 795 732 Sallustio
841 677 1124 750 indignum
1165 677 1269 733 fuit
1290 720 1303 740 .
1358 695 1481 734 cum
1525 677 1777 734 eximium
1819 677 2158 733 fortitudinis
2209 683 2267 732 et
2302 676 2530 751 peritiae

252 779 639 836 documentum
690 786 1153 847 conmemoraret,
1202 780 1493 837 admonere
1549 779 1814 842 lectores,
1866 797 2026 853 quam
2081 779 2231 836 brevi
2283 786 2531 853 tempore

253 881 380 937 novi
419 888 739 954 veteresque
780 879 981 937 milites
1024 881 1377 938 coaluissent.
1396 881 1500 955 (87,
1546 881 1617 956 3),
1666 899 1824 956 quam
1865 881 2120 940 celeriter
2162 881 2336 938 omnis
2379 898 2532 938 exer-

252 984 397 1039 citus
440 983 573 1040 Mari
623 983 912 1057 prudentia
967 985 1033 1039 ad
1054 1001 1209 1070 ‚eam
1266 983 1347 1040 rei
1398 983 1648 1040 militaris
1697 985 1976 1041 scientiam
2017 984 2280 1042 adductus
2319 983 2530 1045 suisset,

254 1092 319 1140 ut
359 1086 489 1159 quid
541 1086 597 1140 in
652 1075 815 1141 'rebus
856 1085 1034 1142 dubiis
1076 1093 1245 1160 atque
1295 1087 1503 1162 asperis
1544 1087 1852 1143 faciundum
1895 1092 2074 1150 esset,
2122 1103 2282 1143 nemo
2323 1085 2534 1142 dubita-

254 1188 375 1242 ret?
444 1186 591 1255 Quae
632 1203 754 1244 cum
796 1187 871 1242 ita
912 1187 1039 1250 sint,
1080 1189 1185 1244 hoc
1230 1206 1451 1262 quaero,
1490 1197 1676 1245 utrum
1719 1191 1978 1261 novique,
2025 1189 2173 1262 quod
2214 1189 2534 1244 rectissume

253 1289 391 1346 adici
434 1290 631 1363 potuit,
680 1306 747 1344 an
790 1297 847 1346 et
879 1291 945 1346 ob
976 1307 1050 1346 eu
1076 1293 1321 1347 scientes
1350 1291 1495 1354 belli.
1545 1307 1681 1365 quae
1714 1291 1878 1347 verba
1923 1309 1990 1347 eo
2037 1309 2145 1365 quo
2190 1291 2370 1366 posita
2407 1295 2535 1346 suut

252 1390 379 1447 loco
424 1409 653 1466 prorsus
698 1390 901 1465 inepta,
940 1393 1113 1467 magis
1156 1393 1391 1468 speciem
1436 1392 1784 1466 glossematis
1826 1410 1956 1467 prae
1999 1411 2058 1449 se
2105 1392 2298 1448 ferant.

422 1493 541 1569 lug.
586 1499 671 1556 99,
710 1501 735 1552 1
782 1493 1094 1550 admirabile
1151 1503 1264 1558 est,
1324 1496 1471 1570 quod
1524 1495 1894 1552 'vetustissumi
1945 1501 2110 1569 atque
2156 1495 2366 1569 optumi
2409 1494 2538 1551 libri

252 1612 428 1669 paene
483 1613 669 1652 omnes
726 1610 1032 1669 erumpere
1068 1599 1221 1654 iubet
1284 1573 1576 1653 exhibent·
1643 1596 1800 1665 Quod
1855 1615 2178 1671 quamquam
2235 1615 2428 1672 magna
2481 1597 2536 1654 in

256 1697 570 1771 suspicione
606 1704 706 1760 cst.
757 1728 831 1740 —
878 1715 1001 1755 nam
1044 1697 1311 1772 elegantis
1351 1699 1638 1774 scriptoris
1681 1677 1830 1756 certe
1865 1717 1974 1756 non
2019 1706 2105 1756 est
2140 1700 2279 1756 idem
2315 1701 2538 1757 verbum

255 1800 311 1854 in
358 1799 571 1855 duobus
617 1800 911 1856 enuntiatis
972 1817 1029 1857 se
1084 1801 1477 1876 excipientibus
1522 1817 1727 1876 ponere
1775 1833 1880 1865 —,
1927 1809 2104 1860 tamen
2153 1819 2281 1858 num
2321 1801 2538 1859 defendi

252 1901 438 1976 possit
484 1901 850 1974 quaerendum
888 1910 987 1959 est.
1045 1903 1314 1977 >Primum
1361 1905 1532 1977 igitur
1574 1903 1819 1959 infinitivi
1858 1906 2025 1978 siqua
2066 1921 2296 1973 canere,
2327 1907 2536 1963 clamo-

254 2019 383 2060 rem
422 2004 637 2072 tollere,
667 2007 859 2075 portis
901 2021 1225 2078 erumpere,
1266 2023 1375 2079 quo
1418 2004 1594 2062 minus
1629 2005 1696 2062 ab
1737 2007 1890 2063 iubet
1936 2024 2260 2081 praegresso
2301 2008 2540 2080 pendere

256 2112 541 2179 putentur,
588 2107 790 2163 deinde
821 2107 1087 2180 particula
1134 2107 1332 2171 obstat,
1380 2125 1445 2164 ex
1484 2125 1591 2181 qua
1635 2108 1838 2164 nemini
1877 2109 2234 2183 perspicuum·
2267 2127 2387 2166 esse
2427 2125 2540 2166 non

258 2213 447 2281 potest
500 2208 795 2264 infinitivos
843 2209 1137 2266 historicos
1178 2227 1314 2266 esse.
1407 2210 1552 2266 Nihil
1607 2210 1680 2265 ita
1723 2210 2134 2284 vituperandum
2173 2211 2411 2277 videtur;
2456 2219 2540 2268 set

256 2309 450 2382 utique
494 2311 716 2374 mirum,
774 2311 819 2366 si
866 2310 1011 2384 quod
1064 2310 1266 2368 milites
1326 2312 1557 2368 fecerint
1607 2318 1861 2368 narretur
1910 2312 2059 2368 nulla
2117 2313 2268 2370 ducis
2291 2307 2539 2370 ‘conme-

256 2412 593 2475 moratione,
650 2429 772 2468 cum
820 2419 995 2468 tamen
1052 2413 1107 2468 id
1151 2430 1371 2486 quoque
1416 2413 1483 2469 ab
1520 2412 1618 2470 illo
1660 2419 1770 2471 tam
1811 2416 2110 2489 prudenter
2151 2424 2370 2490 tamque
2414 2424 2540 2490 apte

258 2513 572 2570 institutum
615 2532 737 2571 esse
778 2514 1061 2588 adpareat;
1104 2515 1425 2588 praesertim
1468 2532 1590 2571 cum
1619 2516 1944 2591 principium
1975 2518 2168 2592 capitis
2197 2519 2540 2576 Plurumum

258 2631 397 2672 vero
438 2615 669 2672 Marius
697 2617 984 2688 ‚inperitia
1024 2617 1267 2673 hostium
1305 2618 1710 2688 confirmatu-5,
1763 2620 1923 2675 faciat
1962 2626 2025 2675 ut
2059 2627 2430 2695 exspectemus
2474 2622 2541 2678 (le

262 2717 533 2782 omnibuS,
572 2736 709 2792 quae
746 2719 1005 2774 advorsus
1047 2718 1235 2774 hostes
1274 2718 1341 2775 ab
1384 2736 1451 2775 eo
1481 2719 1734 2776 instituta
1763 2721 1888 2785 sint,
1933 2722 2136 2778 dictum
2181 2723 2266 2778 iri.
2341 2723 2542 2782 Contra

261 2819 317 2874 id
363 2817 513 2894 quod
550 2820 801 2876 iussisset
826 2821 948 2883 dux,
992 2820 1058 2876 ah
1100 2819 1365 2875 militibus
1402 2828 1552 2877 recte
1583 2830 1640 2877 et
1673 2823 1863 2880 ordine
1903 2824 2102 2882 factum
2137 2842 2275 2890 esse,
2321 2844 2384 2882 ex
2421 2827 2540 2902 ipso

261 2929 460 2978 eventu
515 2920 785 2978 facillume
840 2920 1278 2996 intellegebatur.
1358 2922 1504 2991 Quae
1543 2911 1682 2979 xcum
1726 2925 1802 2981 ita
1844 2926 1982 2988 sint,
2028 2943 2258 3000 cumque
2303 2928 2542 2985 eiusdem

259 3023 509 3080 vocabuli
538 3022 796 3098 repetitio
819 3024 1056 3081 minume
1086 3024 1151 3080 ab
1177 3024 1508 3098 scriptorum
1539 3028 1936 3084 consuetudine
1957 3021 2131 3084 aliena
2165 3026 2444 3100 (Drakenb.
2477 3031 2541 3088 ad

258 3125 370 3180 Liv.
394 3125 418 3180 1
440 3133 489 3188 3,
514 3133 564 3188 9,
588 3126 686 3182 cfr.
711 3124 825 3199 lug.
850 3132 935 3189 85,
960 3125 1049 3200 38)
1074 3143 1250 3200 neque
1274 3126 1341 3182 ab
1372 3126 1597 3182 Sallusti
1627 3126 1845 3200 ingenio
1877 3129 2186 3192 abhorreat,
2220 3130 2422 3204 quippe
2449 3131 2540 3204 qui
2574 3113 2578 3117 ’

262 3244 425 3302 saepe
474 3228 583 3283 duo
626 3228 906 3284 enuntiata
951 3228 1017 3285 ab
1062 3227 1249 3284 eadem
1290 3228 1558 3302 particula
1602 3229 1772 3284 ordiri
1816 3248 1926 3286 non
1968 3231 2174 3304 fugerit
2217 3229 2349 3307 (Cat.
2381 3239 2464 3295 25,
2491 3239 2540 3292 4.

258 3335 345 3392 26,
388 3335 439 3386 2.
481 3335 566 3392 52,
612 3333 678 3390 16
718 3337 773 3385 et
821 3333 901 3389 17.
951 3336 1036 3393 56,
1082 3337 1117 3390 3
1160 3335 1215 3385 et
1251 3335 1301 3388 4.
1355 3330 1470 3404 lug.
1516 3338 1612 3395 31,
1655 3337 1726 3389 22
1765 3338 1820 3387 et
1865 3337 1950 3392 23.
1997 3331 2068 3388 ib.
2114 3339 2184 3394 28
2221 3341 2275 3389 et
2321 3340 2390 3394 29
2433 3333 2541 3407 at),

257 3431 519 3488 iudicium
560 3431 947 3487 continendum
991 3431 1247 3487 arbitror.
1291 3461 1378 3472 —-
1421 3431 1602 3488 Eiusd.
1655 3449 1770 3507 cap.
1819 3434 1872 3506 3.
1920 3441 1955 3496 3
1997 3435 2063 3491 ab
2107 3433 2385 3509 plerisque
2433 3437 2544 3492 edi-

259 3540 382 3590 tur:
438 3533 535 3588 Ita
582 3539 818 3591 cunctos
860 3535 1105 3604 strepitu
1150 3535 1418 3602 clamore,
1469 3535 1626 3589 nullo
1669 3536 2032 3594 subveniente
2071 3540 2282 3594 nostris
2325 3541 2543 3595 instan-

256 3635 433 3702 tibus,
486 3636 729 3691 tumultu
780 3641 1005 3692 terrore
1058 3634 1313 3707 formido
1361 3637 1534 3706 quasi
1589 3639 1857 3694 vecordia
1910 3646 2162 3711 ceperat.
2250 3640 2321 3695 At
2364 3641 2442 3696 ita
2487 3641 2542 3702 in

258 3735 380 3792 solo
432 3729 513 3790 M2
564 3735 846 3810 scriptum.
938 3735 1325 3792 Vetustissumi
1381 3743 1437 3793 et
1484 3707 1658 3794 eidein
1709 3740 1919 3812 optumi
1961 3738 2089 3795 libri
2131 3742 2374 3796 tumultu
2415 3740 2542 3813 sor-

258 3840 470 3894 midine
512 3844 756 3906 terrore,
810 3838 902 3912 qui
947 3838 1026 3895 eis
1071 3839 1322 3913 proxumi
1365 3846 1493 3894 sunt
1541 3840 1782 3897 tumultu
1829 3846 2054 3897 terrore
2093 3841 2407 3914 formidine
2451 3859 2542 3898 ex·
2587 3829 2595 3836 ’

257 3937 466 3996 hibent.
550 3939 697 3995 Unde
741 3939 869 4014 quid
910 3939 1177 4014 sequitur,
1220 3940 1326 3996 nisi
1368 3947 1431 3997 ut
1472 3941 1798 3997 alterutrum
1839 3949 2065 3998 terrore
2108 3951 2202 3999 aut
2231 3943 2542 4016 formidine

258 4040 531 4114 glossema
577 4041 918 4098 iudicandum
964 4042 1072 4097 sit?
1132 4041 1297 4115 Atqui
1335 4041 1445 4096 veri
1476 4042 1707 4098 similius
1749 4048 1834 4098 est
1869 4043 1933 4098 ad
1963 4042 2293 4115 formidine,
2339 4043 2540 4119 quippe

262 4143 406 4214 quod
445 4142 551 4198 hoc
594 4141 717 4198 loco
755 4149 1055 4198 extremum
1095 4161 1197 4218 per
1240 4121 1451 4198 omnem
1495 4143 1789 4200 exercitum
1825 4143 2078 4200 diffusum
2122 4153 2327 4202 metum
2375 4147 2543 4220 signi-

258 4241 380 4300 ficet
422 4242 704 4317 (cfr.·1ug.
744 4251 829 4306 53,
863 4249 927 4304 7:
970 4246 1142 4300 alteri
1182 4244 1342 4316 apud
1368 4244 1582 4300 alteros
1621 4244 1992 4318 formidinem
2027 4247 2198 4303 simul
2238 4253 2294 4302 et
2337 4251 2544 4304 tumul-

258 4351 396 4401 tum*
419 4344 673 4418 facere),
718 4351 945 4404 terrore
986 4346 1336 4422 adscriptum,
1382 4363 1543 4422 quam
1590 4346 1696 4404 hoc
1733 4365 1834 4427 per
1875 4345 2010 4404 illud
2051 4347 2376 4425 explicatum
2405 4365 2541 4406 esse.
