3042 4917
870 319 1476 365 commi-tunorium
1525 319 1668 363 oar.
1714 322 1799 363 ιν.
2405 302 2488 367 69

196 477 399 535 Caesar
441 476 635 551 inquit,
674 476 853 533 omnia
896 477 1055 533 nobis
1098 476 1277 533 fausta
1328 494 1389 533 ac
1443 494 1710 551 prospera
1766 484 1922 540 sunt,
1971 476 2110 533 nihil
2150 478 2382 553 periculi
2419 479 2488 533 ti-

196 582 458 639 mendum
500 580 713 635 videtur
759 573 831 652 ¹);
872 587 927 635 at
956 579 1097 635 mala
1138 597 1203 635 ex
1244 597 1309 635 eo
1350 578 1614 653 exemplo,
1663 580 1808 653 quod
1851 580 2125 635 decreturi
2167 579 2318 641 estis,
2358 597 2488 635 con-

196 684 358 759 sequi
389 689 641 757 possunt.
702 681 795 737 Set
838 699 996 755 quem
1023 681 1090 737 ad
1116 682 1337 737 modum
1373 683 1546 737 rebus
1572 682 1832 737 tuendum
1864 689 2016 755 puto,
2063 682 2142 737 sic
2169 681 2226 737 in
2256 699 2464 755 sequen

200 787 353 843 tibus
398 788 537 853 eius,
583 780 724 841 unde
762 800 1084 857 perversum
1128 786 1279 841 cives
1321 790 1526 846 natum,
1574 782 1728 840 nullo
1773 783 2004 840 artificio
2049 784 2276 840 retineri
2320 802 2486 859 posse

198 888 459 945 arbitror.

372 984 544 1043 Etian'i
587 987 805 1043 Catonis
851 991 1027 1043 oratio
1072 1005 1118 1042 c.
1159 994 1227 1047 52
1262 987 1542 1045 nonnullis
1589 987 1726 1044 locis
1769 989 2116 1062 glossematis
2157 988 2338 1043 vitiata
2383 995 2484 1043 est.

112 1093 129 1105 ⁴
196 1093 439 1148 Primum
466 1092 519 1163 S.
548 1096 617 1148 20
641 1105 739 1145 res
766 1090 1037 1162 glossema
1066 1106 1187 1145 esse
1218 1106 1341 1145 cum
1370 1090 1665 1163 Augustini
1701 1091 2071 1147 testimonium
2097 1098 2151 1146 et
2183 1091 2486 1165 scripturae

194 1194 433 1250 varietas
462 1223 535 1233 —
564 1192 619 1247 in
647 1208 755 1266 qua
780 1190 914 1247 illud
936 1191 1476 1249 animadvertundum
1502 1193 1557 1247 in
1581 1210 1633 1247 m
1661 1194 1851 1250 deesse
1883 1192 2186 1253 —eviucit,
2214 1200 2327 1248 tum
2357 1210 2487 1248 con-

196 1296 437 1352 suetudo
482 1292 702 1349 Sallusti
748 1292 866 1365 (cfr.
908 1294 1017 1349 Cat.
1065 1302 1149 1355 51,
1199 1302 1259 1353 ll
1302 1312 1416 1351 non
1454 1297 1536 1349 ita
1581 1300 1681 1351 est.
1749 1295 1862 1367 lug.
1907 1301 1993 1356 85,
2028 1300 2100 1353 42
2139 1310 2335 1351 verum
2371 1312 2486 1351 non

194 1404 283 1453 est
322 1400 434 1458 itm
486 1402 677 1451 contra
710 1394 825 1467 lug.
870 1402 967 1457 53,
1014 1402 1077 1455 81
1136 1410 1233 1451 res
1276 1396 1566 1452 humanae
1613 1399 1694 1451 ita
1737 1412 1860 1452 sese
1905 1396 2130 1452 habent.
2184 1403 2279 1457 85.
2324 1402 2395 1455 23
2431 1401 2488 1451 et

184 1497 464 1573 profecto
508 1498 591 1553 ita
626 1512 687 1552 se
724 1512 821 1552 res
863 1496 1075 1569 habet).
1158 1498 1290 1553 Item
1336 1498 1389 1568 S.
1436 1503 1503 1556 25
1547 1498 1850 1573 scripturae
1888 1483 2126 1553 ‘varietas
2171 1496 2372 1560 edicit,
2421 1505 2484 1553 ut

196 1610 253 1658 et
314 1601 586 1657 dubitatis
636 1598 703 1655 ab
760 1596 1159 1672 interpolatore
1213 1599 1521 1674 profectum
1577 1600 1908 1655 censendum
1967 1600 2054 1655 sit.
2155 1599 2262 1655 Nec
2303 1599 2483 1655 minus

193 1708 315 1761 iam
357 1704 411 1775 3.
460 1708 529 1763 33
574 1699 963 1774 interpolatum
1008 1716 1155 1763 esse,
1211 1701 1359 1775 quod
1412 1700 1557 1756 inter
1604 1664 1774 1761 ffet
1821 1700 1958 1757 alios
2017 1709 2262 1758 vetustos
2311 1701 2484 1756 libros

194 1804 470 1866 convenit,
526 1802 801 1877 patefacit.
885 1782 1169 1858 Postremo
1218 1803 1271 1873 S.
1326 1808 1393 1862 36
1450 1803 1737 1876 eqoquin
1791 1820 1857 1858 ex
1911 1802 2096 1875 glossa
2154 1811 2336 1859 ortum
2393 1804 2481 1865 sit,

194 1927 325 1966 cum
368 1908 426 1963 in
471 1903 870 1961 vetustissumis
918 1902 1075 1958 libris
1120 1903 1242 1959 aliis
1280 1903 1386 1959 alio
1430 1904 1554 1960 loco
1600 1904 1842 1990 legatur,
1899 1921 2010 1960 non
2066 1903 2292 1960 dubium
2340 1904 2484 1959 vide-

196 2020 292 2067 tur
338 2025 515 2082 eoque
559 2007 755 2067 minus,
799 2006 945 2078 quod
987 2004 1136 2060 nulla
1181 2023 1370 2062 caussa
1404 2006 1711 2078 reperitur,
1756 2022 1856 2061 cur
1899 2004 2030 2061 Cato
2075 2023 2227 2061 suam
2267 2012 2482 2061 senten-

196 2113 329 2168 tiam
365 2110 595 2167 aliorum
641 2106 879 2179 graviter
926 2105 1180 2181 obponat,
1229 2106 1429 2182 quippe
1472 2108 1565 2181 qui
1607 2108 1662 2161 D.
1708 2107 1862 2162 lunio
1899 2106 2081 2161 Silano
2113 2107 2482 2172 adsentiatur;

194 2214 305 2270 nisi
352 2213 494 2268 sorte
531 2210 810 2265 Caesarem
850 2216 935 2271 51,
965 2214 1035 2268 43
1076 2214 1163 2263 set
1203 2210 1285 2263 ita
1319 2224 1419 2279 eyo
1462 2225 1666 2265 censeo
1707 2209 1885 2265 dicere
1925 2207 2179 2263 debuisse
2220 2207 2481 2283 opinaris,

196 2318 293 2372 Set
316 2310 611 2369 'difficilior
656 2316 739 2367 est
783 2308 941 2366 locus
988 2310 1041 2380 S.
1086 2317 1171 2371 35,
1210 2310 1301 2383 qui
1350 2311 1750 2366 vetustissumis
1792 2309 1948 2365 libris
1989 2310 2066 2365 sic
2107 2310 2338 2366 traditus
2370 2316 2480 2365 est:

197 2417 449 2474 Catilina
486 2431 615 2470 cum
655 2415 919 2468 exercitu
960 2411 1233 2483 faucibus
1276 2419 1515 2485 uryuet,
1574 2414 1675 2467 alii
1723 2415 1880 2468 intra
1929 2414 2151 2468 moenia
2207 2418 2376 2483 atque
2423 2414 2484 2467 in

193 2522 330 2576 sinu
386 2518 545 2573 urbis
587 2522 721 2573 sunt
764 2516 967 2570 hoste-3.
1072 2514 1129 2569 In
1188 2514 1387 2587 quibus
1442 2517 1630 2581 urbiS,
1689 2514 1737 2569 si
1781 2531 1846 2569 eo
1900 2515 2074 2579 careri
2128 2515 2333 2589 possit,
2392 2533 2483 2571 su-

196 2628 449 2695 spectum
490 2625 602 2680 est,
658 2634 779 2673 eum
826 2615 883 2675 ΣΒ
932 2616 1163 2671 omittat.
1254 2615 1346 2671 Set
1388 2615 1654 2672 Linkerus
1695 2616 1806 2672 Em.
1855 2615 1981 2671 Sall.
2026 2635 2078 2689 p.
2129 2624 2195 2676 19
2240 2635 2320 2691 sq.
2359 2634 2482 2673 cum

192 2725 344 2779 hunc
388 2721 567 2776 locum
614 2718 681 2773 ad
725 2718 1082 2773 imitationem
1127 2717 1231 2773 Cic.
1278 2717 1332 2772 in
1385 2718 1495 2771 Cat.
1541 2718 1562 2771 I
1601 2724 1651 2787 2,
1698 2725 1728 2776 5
1787 2717 1993 2774 Castra
2035 2724 2172 2773 sitiit
2217 2720 2276 2773 in
2308 2718 2483 2775 Italia

191 2831 404 2882 contra
452 2822 730 2893 populum
776 2821 1098 2875 Romanum
1136 2814 1202 2875 ‘in
1246 2820 1526 2873 Etruriae
1576 2817 1851 2889 faucibus
1893 2822 2219 2889 conlocata,
2275 2822 2486 2877 crescit

190 2932 254 2985 in
288 2929 422 2999 ‚dies
464 2924 717 2996 sinqulos
756 2922 999 2978 hostium
1039 2937 1345 2982 numerus,
1394 2936 1593 2976 eorum
1639 2927 1829 2975 autem
1877 2928 2203 2978 castrorum
2245 2924 2481 2992 inpera-

192 3037 377 3086 torem
419 3029 735 3097 >ducemque
780 3024 1022 3080 hostium
1066 3027 1223 3080 intra
1266 3025 1487 3079 moenia
1533 3028 1703 3095 atque
1746 3024 1888 3078 adeo
1933 3026 1992 3077 in
2035 3028 2242 3078 senatu
2286 3025 2484 3079 videtis

191 3132 523 3187 intestinam
568 3130 820 3199 aliquam
870 3128 1071 3182 cotidie
1105 3128 1425 3197 perniciem
1470 3128 1560 3189 rei
1597 3126 1865 3195 publicae
1919 3126 2234 3180 molientem
2277 3141 2482 3197 conpo-

196 3235 367 3290 situm
409 3232 787 3291 arbitraretur,
830 3246 951 3283 cum
992 3227 1267 3299 faucibus
1305 3233 1512 3299 urguet
1557 3235 1612 3281 et
1657 3244 1724 3281 an
1765 3225 1870 3281 dici
1914 3225 2186 3299 potuisset
2230 3225 2481 3282 dubitan-

192 3337 325 3392 dum
370 3350 547 3407 neque
586 3334 743 3387 intra
788 3332 1009 3386 moenia
1039 3337 1187 3385 recte
1220 3329 1423 3404 obponi
1461 3328 1750 3390 videretur,
1795 3346 1918 3383 cum
1961 3326 2194 3405 denique
2241 3326 2480 3401 glossam

194 3440 425 3503 italiae,
486 3451 625 3507 quae
679 3433 735 3487 in
786 3431 1063 3488 nonnullis
1120 3431 1277 3487 libris
1324 3432 1540 3487 inventa
1581 3438 1682 3493 est,
1737 3437 1792 3486 et
1847 3432 1904 3485 in
1945 3438 2070 3485 ante
2109 3429 2384 3501 faucibus
2426 3430 2482 3485 in

193 3540 387 3615 paucis
428 3533 537 3613 [eis
570 3552 697 3591 vero
743 3534 1064 3590 recentioris
1108 3533 1301 3589 aetatis
1348 3551 1526 3607 neque
1564 3533 1729 3589 ullius
1777 3528 1947 3608 preti]
1995 3532 2234 3589 additum
2271 3533 2484 3606 gravio·

195 3659 314 3697 rem
358 3637 738 3711 conruptelam
782 3636 1019 3692 indicare
1074 3636 1347 3699 crederet,
1407 3635 1759 3691 scribundum
1813 3635 2025 3690 censuit
2069 3634 2312 3690 Catilina
2355 3653 2482 3691 cum

196 3744 464 3799 exercitu
504 3742 563 3795 in
608 3738 881 3810 faucibus
909 3738 1189 3793 Etruriae
1226 3740 1358 3811 ayit,
1402 3739 1503 3793 alii
1543 3740 1700 3793 intra
1735 3740 1956 3793 moenia
1989 3742 2160 3808 atque
2187 3739 2246 3793 in
2280 3746 2484 3793 senatu

193 3850 332 3901 sunt
374 3844 585 3898 hostes,
664 3840 834 3908 Quam
868 3840 1253 3896 acutissumam
1294 3846 1349 3895 et
1391 3839 1904 3913 ingeniosissumam
1944 3838 2310 3895 coniecturam
2351 3837 2483 3891 mihi

266 4025 327 4091 1)
368 4024 661 4089 Copiosius
708 4024 755 4073 si
792 4039 859 4072 ea
896 4022 1105 4073 Caesar
1143 4022 1313 4087 expli·
1367 4022 1580 4087 probis3
1639 4021 1902 4071 habemus
1951 4019 2256 4080 consulem,
2312 4018 2482 4067 habe-

198 4127 327 4161 care
365 4110 651 4171 voluisset,
689 4107 828 4157 haec
866 4108 1119 4157 dixisset:
1156 4108 1317 4157 Nunc
1369 4122 1485 4155 mus
1542 4122 1634 4155 eos
1690 4106 2044 4169 magistratus
2069 4142 2082 4165 ,
2129 4102 2223 4168 qui
2267 4117 2336 4151 ne
2389 4118 2482 4167 po-

199 4196 383 4247 omnia
419 4207 684 4259 prospera.
709 4196 861 4242 sunt:
900 4192 1101 4242 civitas
1133 4208 1199 4241 ex
1223 4208 1314 4256 pe·
1368 4195 1573 4239 testate
1633 4205 1733 4239 sua.
1781 4190 2080 4239 abutantur
2135 4202 2245 4237 non
2289 4202 2482 4237 veren-

197 4280 373 4331 rioulo
401 4283 614 4344 erepta,
652 4282 877 4329 senatus
905 4279 1207 4327 auctoritas
1230 4276 1316 4325 fir·
1370 4276 1495 4325 dum
1532 4276 1619 4326 sit.

200 4382 289 4417 ma.
327 4370 440 4429 θεῖς
476 4365 671 4415 valent
706 4364 886 4429 leges,
925 4363 1199 4413 resistitur
1235 4362 1317 4411 in·
1390 4430 1405 4437 ι.
