3042 4917
557 304 594 365 6
1003 367 1006 372 ,
1257 320 1865 368 connuNTA‘rmNUM
1907 325 2050 365 cAr.
2094 327 2135 366 1.

723 483 920 549 genter
977 476 1269 551 descripsit
1322 484 1379 533 et
1421 476 1602 535 denuo
1644 452 1879 535 contulit
1922 480 2153 552 Bojesen
2206 481 2288 536 ed.
2334 479 2378 535 ΙΙ
2422 481 2593 554 praef.
2642 479 2851 554 (poste-

727 579 904 633 riores
943 595 1134 635 manus
1181 579 1206 634 f
1249 578 1471 653 notavi).
1564 580 1693 637 Cum
1734 580 1783 635 M
1838 581 1913 637 ita
1954 582 2258 645 consentit,
2315 590 2376 638 ut
2406 577 2726 655 'utrumque
2784 583 2850 638 ad

691 680 868 771 ⁴idem
913 679 1186 754 exemplar
1217 688 1492 739 exaratum
1541 698 1662 738 esse
1706 681 1825 739 luce
1864 683 2063 739 clarius
2110 684 2199 739 sit.

589 806 668 858 14.
729 800 800 861 Τ,
847 799 1157 855 Turicensis
1184 792 1346 872 ¹),.in
1394 818 1503 873 quo
1550 817 1739 856 manus
1778 802 2060 875 posterior
2102 800 2195 874 (t)
2238 820 2347 859 non
2392 802 2569 858 solum
2615 802 2851 877 amplam

731 900 878 956 illam
935 900 1181 957 lacunam
1232 900 1493 974 explevit,
1564 909 1649 957 set
1705 903 1866 959 etiam
1920 921 2135 959 omnem
2201 912 2497 959 extremam
2555 905 2853 977 iugurthae

729 1010 940 1076 partem
996 1002 1176 1057 denuo
1231 1003 1482 1058 exaravit.
1579 1004 1709 1060 Cum
1752 1004 1790 1058 F
1840 1004 2163 1079 plerumque
2212 1007 2525 1062 consentire
2570 1006 2693 1092 iam!
2721 1006 2854 1062 Ger-

732 1102 938 1161 lachius
976 1103 1080 1176 (ed.
1123 1104 1148 1159 1
1200 1104 1290 1160 vol
1334 1104 1355 1160 Ι
1397 1123 1449 1178 p.
1487 1104 1640 1169 XXII,
1685 1107 1766 1162 ed.
1811 1106 1853 1161 11
1898 1108 2069 1180 praef.
2107 1125 2159 1181 p.
2206 1106 2291 1180 VI)
2330 1108 2650 1163 observavit.

731 1236 878 1293 Libri
922 1233 1216 1295 MM1M2TF
1261 1240 1414 1313 quasi
1464 1240 1720 1297 familiam
1760 1242 1921 1314 primi
1968 1243 2186 1315 generis
2234 1242 2493 1305 efficiunt,
2538 1250 2622 1297 set
2676 1242 2855 1298 iunio-

561 1358 693 1396 rem.
783 1340 930 1397 Unde
971 1360 1076 1416 qua
1120 1360 1254 1398 usus
1299 1343 1372 1398 sit
1415 1344 1637 1399 fortuna
1684 1361 1783 1417 per
1824 1344 2060 1399 medium
2102 1362 2290 1400 aevum
2336 1345 2590 1419 scriptor,
2637 1343 2856 1399 intelle-

563 1442 740 1515 gitur;
788 1443 1076 1499 verborum
1123 1444 1257 1499 ordo
1305 1444 1448 1499 enim
1491 1445 1827 1519 saepissume
1875 1446 2174 1501 inmutatus
2208 1453 2309 1509 est,
2355 1454 2416 1501 ut
2442 1445 2697 1501 librarios
2746 1445 2857 1503 ele—

563 1544 801 1617 gantiam
849 1546 1115 1618 quandam
1159 1545 1243 1619 illi,
1285 1546 1560 1619 adfingere
1609 1546 1847 1603 voluisse
1892 1546 2048 1603 facile
2096 1548 2369 1622 adpareat.

733 1663 898 1719 Primi
943 1664 1162 1736 generis
1205 1663 1440 1737 denique
1486 1673 1571 1721 est
1610 1664 1655 1719 N
1666 1661 2080 1728 marianus,
2135 1684 2200 1721 ex
2256 1682 2363 1739 quo
2411 1665 2675 1720 Gruterus
2718 1684 2858 1721 non-

565 1764 742 1818 nullas
789 1764 1086 1838 scripturas
1131 1765 1380 1839 protulit.
1463 1766 1659 1835 Quem*
1687 1766 1885 1822 librum
1936 1767 2191 1840 quoniam
2246 1768 2604 1841 Nipperdeius
2654 1766 2859 1840 aliique

565 1864 665 1919 viri
715 1864 862 1920 docti
921 1867 1055 1922 tanti
1101 1868 1304 1930 fecere,
1357 1875 1430 1925 ut'
1464 1868 1569 1923 nisi
1623 1868 1671 1923 is
1726 1876 1980 1941 repertus
2047 1869 2193 1925 foret
2260 1868 2463 1924 nullam
2524 1886 2677 1943 spem
2735 1887 2863 1924 esse

565 1967 896 2029 dictitarent,
941 1968 1242 2041 scripturas
1287 1970 1354 2025 ab
1403 1970 1638 2025 Grutero
1686 1976 1935 2025 enotatas
1974 1969 2407 2043 diligentissume
2453 1970 2745 2044 exscripsi,
2796 1988 2864 2025 ex

568 2068 764 2141 quibus
805 2068 910 2125 hoc
945 2070 1076 2125 mihi
1119 2071 1386 2145 adparuit,
1436 2078 1719 2147 optumum
1764 2089 1887 2127 eum
1932 2089 2055 2127 esse
2094 2079 2150 2127 et
2188 2073 2587 2145 dignissumum
2637 2072 2748 2144 qui·
2777 2073 2864 2127 in·
2968 2070 2973 2075 ’

566 2170 870 2243 vestigetur
913 2178 967 2226 et
1001 2172 1181 2228 denuo
1213 2172 1550 2247 exploretur,
1600 2181 1686 2230 set
1720 2182 1898 2232 tamen
1929 2174 1995 2229 ab
2028 2174 2249 2230 relicuis
2290 2174 2569 2231 codicibus
2602 2162 2863 2229 vetustis-

567 2271 736 2327 sumis
779 2290 890 2328 non
935 2281 1040 2330 tam
1081 2272 1382 2337 divorsum,
1421 2283 1482 2331 ut
1526 2292 1664 2331 nova
1698 2276 1956 2331 recensio
1993 2276 2257 2332 constitui
2298 2276 2491 2350 possit.

737 2390 902 2447 Cuius
939 2376 1158 2465 generis
1201 2395 1274 2449 sit
1313 2395 1553 2451 eiusdem
1588 2395 1689 2449 viri
1730 2395 1877 2451 docti
1912 2395 2387 2451 Commelinianus
2428 2394 2708 2450 diiudicari
2741 2412 2865 2449 non

567 2500 770 2565 potest,
817 2494 1070 2567 quoniam
1105 2478 1219 2567 lug‘.
1251 2501 1316 2555 97
1361 2496 1578 2552 ‘desinit
1622 2496 1728 2552 fine
1759 2496 1937 2559 lacer',
1974 2498 2057 2552 uti
2104 2498 2180 2553 ait
2220 2497 2485 2552 Gruterus
2520 2514 2604 2569 ap.
2638 2496 2864 2550 Haverc.

569 2611 622 2667 p.
669 2599 788 2653 348.
871 2594 998 2651 Eius
1060 2613 1278 2669 quoque
1333 2595 1461 2653 libri
1519 2598 1819 2671 scripturas
1880 2598 1946 2653 ab
1992 2598 2226 2654 Grutero
2270 2604 2521 2655 enotatas
2564 2597 2868 2671 diligenter

570 2712 847 2769 exscripsl.

739 2863 798 2919 ΙΙ.
867 2864 1109 2923 Alterius
1164 2868 1383 2941 generis
1439 2868 1495 2923 hi
1550 2867 1675 2925 libri
1728 2868 1811 2924 vel
1868 2887 1897 2924 a
1941 2886 2027 2924 me
2076 2868 2197 2942 ipso
2254 2867 2338 2923 vel
2382 2885 2559 2923 meum
2605 2867 2660 2923 in
2703 2885 2868 2923 usum

570 2966 774 3023 conlati
820 2976 981 3024 sunt:

636 3093 682 3144 1.
741 3104 805 3161 p,
856 3087 1134 3144 Parisinus
1194 3088 1246 3143 S.
1305 3088 1508 3146 Victor.
1558 3097 1663 3149 503
1706 3088 1987 3161 (nouveau
2042 3090 2203 3145 fonds
2258 3090 2326 3145 de
2383 3087 2434 3143 la
2484 3086 2869 3161 bibliotheque

741 3188 1082 3263 imperiale),
1131 3191 1223 3264 qui
1278 3192 1518 3265 quamvis
1575 3190 1749 3247 multo
1807 3190 2117 3265 posteriore
2171 3198 2417 3264 tempore
2480 3189 2717 3264 scriptus
2774 3191 2867 3253 sit,

743 3300 922 3347 tamen
967 3292 1300 3365 saepissume
1345 3312 1466 3352 eum
1509 3286 1579 3349 P3
1621 3293 1914 3349 consentit.

634 3400 683 3451 2.
737 3386 818 3467 p¹‚
867 3393 1036 3449 Paris.
1077 3398 1214 3453 5752
1253 3394 1432 3467 (antea
1475 3394 1633 3467 5278)
1676 3394 1902 3450 membr.
1950 3412 2087 3450 saec.
2139 3393 2265 3448 Xlll.

633 3502 682 3555 3.
741 3489 821 3568 p3,
868 3494 1037 3550 Paris.
1089 3500 1238 3559 1574,
1281 3495 1482 3569 glossis
1521 3513 1741 3559 carens;
1790 3497 1844 3551 in
1875 3503 2028 3552 textu
2063 3493 2325 3551 nonnulla
2363 3512 2553 3550 manus
2584 3496 2897 3569 posterior·

743 3596 999 3653 cormxit.

637 3706 686 3757 4.
745 3692 826 3773 1³⁵,
863 3698 1032 3754 Paris.
1080 3695 1184 3769 (nr.
1213 3705 1314 3759 116
1359 3700 1431 3755 du
1474 3716 1721 3755 nouveau
1747 3699 1947 3773 fonds),
1995 3698 2165 3754 nitide
2208 3704 2519 3753 exornatus.
2594 3698 2672 3753 Ad
2705 3698 2869 3755 linem

744 3802 938 3857 haecce
977 3800 1314 3874 subscripta:
1352 3802 1513 3857 Deus
1536 3802 1675 3857 mihi
1706 3804 1953 3890 adiutor:
1979 3796 1981 3799 ’
2020 3802 2142 3857 Deo
2166 3802 2297 3855 laus
2325 3816 2554 3873 semper
2583 3806 2638 3855 et
2657 3802 2869 3873 qloria.

744 3903 854 3959 Mla·
873 3921 1025 3960 anno
1069 3904 1283 3959 domini
1308 3904 1666 3959 MCCCCXVII.

641 4017 691 4067 5.
749 4000 828 4081 pfl,
875 4006 1044 4062 Paris.
1091 4012 1248 4069 6088,
1289 4023 1410 4062 cum
1453 4005 1642 4061 multis
1688 4004 1921 4078 glossis3
1970 4006 2024 4059 in
2073 4011 2222 4061 textu
2253 4021 2422 4077 pauca
2458 4011 2707 4060 correcta
2740 4014 2871 4061 sunt

744 4108 1147 4182 nonnullaeque
1185 4107 1403 4181 glossae
1444 4108 1746 4181 adscriptae
1793 4124 1955 4163 manu
1991 4108 2381 4163 recentissuma
2426 4104 2687 4178 (sortasse
2726 4126 2867 4163 saec.

648 4289 706 4355 1)
751 4292 897 4341 Usus
939 4306 1058 4341 sum
1094 4290 1414 4341 conlatione
1455 4288 1769 4352 Gerlachii‚
1808 4290 2015 4353 passim
2055 4289 2124 4338 ab
2164 4288 2373 4339 Orellio
2414 4292 2469 4337 et
2503 4288 2709 4339 Rothio
2749 4306 2867 4339 eor·

577 4381 752 4425 recta.
