3042 4917
509 244 590 310 76
1188 265 1797 313 oonnnnm‘rmntm
1844 269 1985 314 cAP.
2033 271 2123 318 ιν.

505 427 802 503 scriptores
844 423 1186 482 inveniantur
1233 423 1364 498 (cfr.
1403 422 1595 482 Caecil.
1642 423 1775 482 Stat.
1831 427 1901 512 ἰν.
1944 433 2046 488 217
2085 431 2167 486 ed.
2216 427 2371 488 Ribh.
2412 437 2617 492 tantan
2653 434 2791 492 hinc

503 535 711 589 invasit
769 533 828 586 in
876 533 975 584 tua
1013 531 1192 584 corda
1233 529 1512 600 dulcilas‚
1571 529 1664 585 ubi
1703 537 1879 586 metro
1919 533 1979 587 in
2025 532 2325 606 munitur),
2384 534 2436 590 id
2481 537 2628 609 quod
2673 555 2785 596 non

503 635 681 691 minus
719 635 786 689 de
833 633 1206 703 inrumpendi
1249 629 1414 686 verbo
1457 631 1615 688 valet.
1660 664 1747 674 —-
1788 632 2067 689 Difficilius
2110 642 2194 692 est
2234 636 2299 692 de
2332 635 2506 693 altero
2548 637 2672 694 loco
2706 640 2787 695 di-

503 737 740 793 iudicare
784 737 1080 793 occultans
1111 749 1171 790 se
1200 737 1258 790 in
1293 737 1538 806 tuqurio,
1572 735 1829 808 quoniam
1870 734 1945 790 ibi
1977 738 2347 794 vetustissumi
2380 746 2543 813 atque
2574 743 2784 816 optumi

501 839 628 896 libri
672 837 1135 912 praepositionem
1183 837 1458 892 omittunt.
1540 836 1660 893 Non
1704 837 1927 893 dubium
1966 845 2145 895 autem
2192 840 2405 896 videtur
2448 842 2579 916 quin
2622 851 2785 917 tugu-

501 945 642 998 rium
687 939 868 998 casula
913 939 984 995 sit
1022 939 1215 995 leviter
1259 938 1537 995 aedificata
1576 937 1695 1011 (18,
1738 947 1788 998 5.
1843 945 1937 1002 19,
1992 948 2041 1000 5.
2088 947 2183 1003 46,
2230 951 2279 1001 5.
2326 948 2422 1006 75,
2465 943 2521 1017 4)
2554 937 2625 1017 1);
2661 962 2784 1002 nam

500 1046 694 1101 domus
749 1043 1096 1098 Numidarum
1150 1059 1258 1096 non
1317 1040 1476 1097 aliter
1527 1041 1821 1098 instructas
1873 1041 2070 1104 fuisse,
2142 1061 2304 1117 quam
2355 1052 2417 1100 ut
2466 1062 2609 1103 nuuc
2656 1055 2784 1104 sunt

501 1145 621 1202 illas
661 1146 914 1218 regiones
959 1142 1342 1206 incolentium,
1404 1142 1478 1198 ita
1520 1151 1583 1200 ut
1630 1143 1750 1198 aula
1782 1160 1934 1200 casas
1980 1162 2260 1202 servorum
2294 1147 2629 1211 contineret,
2672 1149 2784 1204 veri

501 1247 847 1305 simillumum
889 1253 991 1302 est.
1076 1245 1170 1301 Set
1211 1245 1449 1320 quamvis
1503 1246 1571 1302 de
1625 1245 1865 1302 aedificio
1913 1247 2109 1320 exiguo
2151 1248 2499 1320 cogitandum
2544 1251 2643 1314 sit,
2704 1256 2783 1306 ta-

499 1368 621 1408 men
663 1349 888 1407 omissio
932 1348 1358 1422 praepositionis
1411 1348 1631 1403 defendi
1686 1348 1897 1405 videtur
1950 1349 2210 1424 exemplis
2255 1350 2361 1406 Cic.
2418 1351 2469 1406 d.
2521 1351 2631 1426 inp.
2684 1343 2782 1408 Gn.

498 1454 686 1527 Pomp.
710 1460 760 1514 3,
786 1457 836 1512 7.
879 1451 1034 1506 Tusc.
1060 1450 1104 1505 Π
1133 1457 1212 1512 15,
1239 1456 1324 1510 36.
1398 1449 1579 1504 Nihilo
1615 1449 1793 1505 minus
1814 1450 2082 1506 confiteor
2118 1451 2291 1526 magis
2324 1451 2455 1508 mihi
2479 1453 2698 1527 placere
2723 1458 2785 1510 in

500 1557 760 1628 ἰαριινίο,
823 1553 1024 1626 quippe
1063 1570 1172 1626 quo
1227 1551 1562 1625 exprimatur
1602 1550 1962 1626 Hiempsalem
2013 1552 2170 1609 initio
2211 1553 2267 1608 in
2304 1552 2438 1611 illud
2482 1555 2783 1612 aedificium

498 1657 830 1731 confugisse,
875 1662 986 1710 tum
1029 1655 1098 1709 in
1135 1671 1216 1710 eo
1263 1671 1381 1710 sese
1428 1652 1702 1710 occultare
1748 1653 2038 1710 studuisse.

667 1807 940 1867 Orationis
986 1807 1051 1863 ab
1093 1806 1396 1864 Adherbale
1443 1807 1498 1861 in
1545 1814 1737 1863 senatu
1786 1805 2003 1862 habitae
2044 1825 2089 1863 c.
2124 1814 2191 1866 14
2227 1808 2281 1863 hi
2320 1806 2428 1865 loci
2468 1809 2553 1865 vel
2597 1810 2653 1866 in
2693 1829 2782 1868 su-

497 1913 796 1990 spicionem
841 1911 1015 1967 vocati
1063 1908 1144 1966 vel
1190 1909 1428 1984 suspecti
1476 1916 1621 1964 sunt.
1692 1909 1932 1965 Primum
1976 1908 2144 1972 suere,
2195 1910 2285 1984 qui
2324 1918 2359 1970 3
2392 1928 2647 1968 meorum
2691 1914 2782 1970 de-

495 2015 714 2072 lendum
753 2019 1068 2076 censerent,
1117 2013 1233 2068 sine
1280 2011 1472 2067 idonea
1515 2011 1733 2072 caussa,
1790 2028 1911 2066 cum
1962 2028 2139 2085 neque
2184 2012 2412 2068 varietas
2456 2000 2779 2089 scripturae,

497 2135 633 2192 quae
676 2119 732 2173 in
781 2117 966 2191 paucis
1011 2114 1166 2171 libris
1207 2121 1307 2176 est,
1351 2113 1613 2168 advorsus
1655 2113 1894 2169 omnium
1940 2120 2290 2186 optumorum
2337 2133 2663 2174 consensum
2694 2135 2781 2173 va-

495 2219 621 2282 leat,
667 2236 844 2292 neque
886 2217 1128 2292 quamvis
1172 2234 1236 2271 eo
1280 2213 1544 2271 vocabulo
1591 2221 1737 2270 recte
1782 2215 1955 2270 careri
1998 2216 2193 2289 possit,
2238 2223 2417 2272 tamen
2460 2235 2559 2292 per
2598 2237 2655 2275 se
2702 2220 2781 2274 in-

413 2387 434 2400 *
494 2321 834 2396 probandum
881 2320 969 2376 sit.
1054 2318 1276 2374 Meliore
1322 2318 1441 2372 iure
1486 2316 1610 2372 infr.
1658 2317 1711 2387 S.
1759 2323 1791 2376 9
1835 2319 1947 2372 tuis
1983 2325 2038 2373 et
2082 2323 2177 2380 24,
2228 2326 2261 2378 3
2305 2321 2417 2375 mei
2447 2329 2678 2396 propter
2722 2321 2779 2381 Q}

493 2423 874 2479 auctoritatem
929 2421 1176 2494 spurium
1227 2436 1347 2475 esse
1406 2419 1697 2475 iudicatum
1756 2424 1855 2473 est.
1946 2420 1999 2490 S.
2034 2425 2069 2478 4
2105 2437 2204 2476 cur
2244 2422 2384 2476 mihi
2418 2421 2644 2479 eiciatur
2688 2440 2780 2479 ne-

497 2542 603 2598 que
648 2524 703 2578 in
752 2523 906 2579 libris
960 2540 1121 2579 manu
1163 2521 1382 2595 scriptis
1441 2521 1733 2595 quidquam
1783 2536 2006 2576 caussae
2057 2530 2167 2584 est,
2224 2538 2401 2596 neque
2454 2523 2509 2578 in
2565 2524 2778 2580 dicendi

494 2626 723 2687 ratione,
770 2643 946 2699 neque
986 2625 1039 2680 in
1073 2623 1369 2684 sententia,
1418 2623 1525 2678 imo
1572 2622 1868 2695 aptissume
1912 2623 2112 2697 repetit
2157 2631 2321 2697 atque
2367 2625 2538 2681 ecfert
2573 2626 2779 2682 Adher·

495 2726 581 2782 bal
621 2744 720 2782 suo
765 2727 963 2783 iudicio
1008 2743 1217 2800 suoque
1264 2742 1428 2781 sensu
1465 2725 1539 2780 ita
1576 2741 1712 2780 esse.
1796 2725 1865 2778 At
1910 2724 2117 2800 primus
2164 2713 2268 2798 ego
2314 2727 2369 2781 in
2413 2728 2778 2802 suspicionem

493 2847 684 2886 vocare
726 2829 897 2885 audeo
944 2830 997 2900 S.
1046 2837 1077 2888 5
1115 2829 1454 2892 amicitiam,
1513 2843 1623 2881 non
1671 2843 1781 2900 quo
1827 2825 1893 2880 ab
1926 2844 2033 2882 usu
2076 2826 2334 2901 loquendi
2382 2828 2507 2902 (Cic.
2552 2831 2617 2886 ad
2653 2831 2775 2886 fam.

491 2931 602 2987 XIII
650 2937 728 2992 17.
771 2930 837 2986 111
879 2938 927 2993 9,
973 2937 1021 2989 4.
1064 2931 1173 2986 Liv.
1220 2929 1306 2984 VH
1343 2927 1432 3002 31)
1478 2935 1573 2983 aut
1616 2926 1683 2983 ab
1729 2928 1995 2983 sententia
2032 2926 2267 2985 alienum
2315 2930 2651 2994 existumem,
2698 2940 2781 2988 set

495 3033 618 3106 quia
660 3033 832 3089 altera
871 3031 1137 3087 librorum
1182 3032 1533 3106 optumorinn
1578 3029 1777 3085 familia
1822 3037 1951 3103 post
1992 3033 2233 3086 instituit
2277 3031 2508 3088 exhibet.
2593 3033 2777 3107 Neque

459 3135 690 3197 ‚infitias
727 3135 1014 3209 quisquam
1049 3133 1163 3195 ibit,
1212 3132 1616 3206 obpositionem
1662 3148 1799 3204 quae
1832 3139 1915 3186 est
1944 3132 2087 3188 inter
2118 3140 2338 3205 gentem
2372 3133 2683 3191 Masinissae
2724 3142 2777 3190 et

491 3236 726 3293 relicuos
759 3254 933 3309 regeS‚
967 3236 1184 3312 gravius
1218 3234 1429 3296 ecferri,
1461 3233 1506 3288 si
1540 3234 1604 3289 ad
1640 3231 1871 3288 alterum
1896 3234 2206 3290 'membrum
2236 3252 2299 3290 ex
2329 3237 2776 3308 praecedentibus

490 3356 600 3393 non
630 3340 940 3394 amicitiam
975 3336 1169 3398 solum,
1205 3343 1289 3390 set
1323 3335 1485 3390 etiam
1519 3339 1842 3391 societatem
1875 3343 2055 3390 mente
2102 3343 2399 3410 repetatur.
2456 3338 2509 3408 S.
2544 3345 2578 3398 6
2618 3341 2777 3397 verba

490 3456 577 3495 me
643 3431 904 3510 nepotem
957 3439 1301 3494 Masinissae
1351 3436 1550 3492 habere
1610 3437 1753 3510 quod
1812 3435 2051 3508 graviter
2095 3437 2351 3493 obfendat
2410 3456 2571 3495 nemo
2625 3442 2778 3498 facile

489 3541 736 3615 negabit,
796 3548 879 3597 set
939 3558 1061 3596 cum
1110 3556 1296 3595 omnes
1356 3538 1479 3594 libri
1530 3557 1592 3594 ea
1636 3546 1871 3600 teneant,
1925 3556 2153 3612 cumque
2200 3539 2441 3596 insolens
2486 3542 2774 3599 verborum

490 3643 625 3699 erdo
678 3641 1030 3716 eiusdemque
1083 3641 1326 3697 notionis
1383 3641 1642 3715 repetitio
1698 3648 1753 3696 et
1801 3639 2045 3695 definitio
2100 3658 2212 3696 non
2262 3642 2424 3697 modo
2474 3647 2775 3701 concitatae

487 3745 685 3801 mentis
731 3744 857 3808 sint,
907 3751 997 3801 set
1038 3744 1171 3799 adeo
1215 3743 1659 3817 perspicuitatem
1692 3742 1943 3798 adiuvent
1988 3741 2129 3815 (nam
2164 3742 2418 3810 Quorum
2442 3750 2776 3817 proyeniem

485 3843 706 3920 longius
763 3847 829 3902 ab
887 3846 1055 3902 verbo
1099 3852 1368 3901 remotum
1417 3843 1567 3917 est),
1627 3843 1752 3900 huic
1795 3842 2150 3916 argumento,
2204 3844 2358 3901 facile
2402 3864 2462 3901 ea
2508 3848 2671 3904 verba
2715 3867 2775 3904 ex

487 3949 540 4021 S.
586 3956 620 4007 2
659 3948 726 4004 ab
771 3947 996 4005 librario
1029 3947 1263 4004 adscribi
1294 3947 1562 4022 potuisse,
1608 3947 1741 4002 haut
1780 3947 1855 4002 ita
1899 3947 2133 4004 multum
2166 3947 2511 4004 tribuendum
2546 3949 2771 4006 videtur.

556 4147 606 4212 1)
631 4147 750 4198 Non
764 4148 1059 4199 dissimiles
1081 4152 1208 4198 sunt
1233 4146 1409 4197 cellae
1433 4147 1603 4197 ostia·
1660 4145 1869 4196 Caecil.
1920 4147 1985 4197 fr.
2042 4145 2135 4196 83:
2172 4147 2435 4198 habitabat
2480 4151 2531 4198 in
2578 4151 2770 4216 tuyurio

483 4233 686 4282 riorum
731 4234 821 4283 vel
871 4234 1168 4284 ianitorum
1216 4231 1359 4298 apud
1403 4233 1603 4283 Roma.—
1658 4237 1767 4281 sine
1804 4235 2064 4296 operculo.

485 4332 611 4379 nos;
640 4318 645 4326 ’
673 4317 773 4368 cfr.
833 4319 1051 4370 Becker
1111 4317 1256 4369 Gall.
1317 4319 1346 4367 I
1402 4334 1468 4404 p..
1517 4315 1601 4366 76.
