3042 4917
842 285 1450 333 connnurameUM
1496 284 1642 327 cn.
1687 286 1746 326 v.
2323 266 2434 330 131

175 444 419 503 voluisset
474 445 543 502 ad
599 445 731 502 deos
772 443 990 500 referre
1034 441 1306 506 maluisse,
1350 449 1546 516 contra
1589 439 1747 498 facile
1795 438 1924 514 quid
1965 456 2062 498 eos
2107 439 2174 497 ad
2217 457 2442 500 conmu-

176 549 381 606 tandum
422 547 657 604 moverit
701 544 955 621 perspici,
1002 544 1149 620 quod
1170 536 1237 601 P¹
1270 543 1488 600 exhibet
1526 549 1584 599 et
1628 541 1754 597 Naz.
1795 541 2094 608 confirmat,
2141 546 2441 616 dempsere

172 649 533 723 recipiundum
575 647 906 705 existumavi.
990 645 1161 704 Paulo
1204 652 1334 720 post
1375 651 1410 705 6
1458 646 1621 716 inopi
1660 643 1792 700 ferri
1833 661 1945 700 non
1982 662 2148 720 posse
2188 646 2438 722 plerique

175 751 476 808 intellexere
504 733 624 806 ‘nec
654 749 937 806 Gerlachio
975 747 1199 806 concedi
1233 755 1418 822 potest
1454 754 1641 821 aptum
1671 762 1792 803 esse
1821 747 1887 802 ad
1917 747 2258 811 sententiam,
2301 766 2437 822 quo-

172 853 301 910 niam
340 852 506 910 verba
550 851 884 928 significant:
926 869 1051 908 cum
1094 851 1199 908 iam
1242 849 1309 906 ab
1352 848 1624 924 principio
1654 848 1816 924 inops
1861 848 2028 906 fuerit
2056 856 2220 926 atque
2248 850 2437 907 etiam·

170 971 299 1011 nunc
344 955 434 1018 sit,
482 971 595 1011 non
636 973 759 1010 cum
798 953 958 1028 inops
1002 959 1164 1009 esset.
1250 950 1389 1008 Illud
1432 950 1612 1008 solum
1657 951 2027 1025 quaerendum
2081 959 2194 1016 est,
2251 960 2435 1010 utrum

171 1075 279 1112 cum
321 1041 632 1113 recentiore
675 1055 837 1130 primi
892 1055 1111 1129 generis
1166 1052 1367 1110 familia
1422 1052 1733 1110 eiciundum
1780 1070 1850 1110 an
1903 1052 2294 1111 emendandum
2343 1055 2434 1112 sit.

170 1157 285 1214 Cum
329 1174 459 1215 vero
502 1175 615 1213 non
659 1155 836 1213 solum
882 1157 939 1213 in
984 1155 1071 1219 213,
1126 1163 1211 1212 set
1265 1154 1427 1210 etiam
1484 1153 1540 1210 in
1585 1153 1805 1211 relicuis
1851 1153 2009 1212 libris
2051 1155 2302 1214 omnibus
2344 1157 2433 1221 sit,

169 1275 257 1315 nec
295 1276 488 1316 caussa
532 1258 864 1320 inveniatur,
918 1275 1016 1315 cur
1057 1257 1125 1314 ab
1167 1256 1521 1331 grammatico
1566 1257 1834 1314 adiectum
1876 1257 2139 1321 videatur,
2185 1255 2434 1334 Sellingii

168 1361 468 1417 coniectura
522 1363 717 1433 inperi
773 1359 907 1417 mihi
949 1358 1334 1434 conprobanda
1371 1358 1602 1414 videtur.
1691 1358 2001 1433 Aptissume
2052 1360 2100 1416 is
2149 1360 2434 1434 genetivus

168 1461 225 1517 ab
266 1462 414 1519 Sulla
459 1463 708 1526 adicitur,
756 1462 1012 1537 quoniam
1054 1461 1162 1518 nisi
1204 1460 1296 1535 qui
1342 1459 1554 1534 inperio
1592 1460 1870 1535 potiatur,
1921 1477 2082 1518 nemo
2139 1462 2207 1518 de
2259 1463 2433 1519 servis

168 1566 476 1638 quaerendis
521 1573 763 1622 statuere
808 1581 990 1621 secum
1033 1570 1236 1638 potest.
1311 1561 1565 1619 Ceterum
1611 1563 1904 1621 tenendum
1943 1572 2043 1626 est,
2093 1565 2238 1637 quod
2272 1582 2433 1640 saepe

166 1667 259 1723 iam
299 1667 518 1731 monui,
566 1666 848 1742 archetypi
898 1673 1192 1723 extremam
1234 1671 1449 1740 partem
1488 1664 1870 1738 neglegentius
1923 1665 2184 1739 scriptum
2225 1675 2321 1723 aut
2377 1667 2432 1723 in

164 1787 218 1825 ea
250 1770 420 1826 multa
457 1770 747 1826 obscurata
788 1769 974 1832 fuisse,
1016 1785 1116 1824 nec
1155 1768 1346 1824 deesse
1387 1765 1632 1840 exempla
1673 1784 1809 1840 quae
1848 1766 2120 1829 librarios,
2167 1769 2314 1842 quod
2357 1768 2434 1825 le-

163 1889 281 1944 gere
324 1889 438 1929 non
494 1878 759 1947 possent,
814 1871 861 1927 si
905 1870 969 1927 ad
1017 1870 1342 1926 sententiam
1386 1886 1499 1924 non
1554 1869 1918 1926 necessarium
1971 1876 2144 1931 esset,
2201 1887 2432 1944 prorsus

163 1975 397 2030 omisisse
456 1974 704 2030 doceant.
778 2003 865 2014 —-
935 1972 1115 2028 Eiusd.
1183 1990 1299 2047 cap.
1365 1978 1429 2030 12
1486 1988 1610 2026 cum
1678 1971 1888 2044 optumi
1957 1969 2084 2026 libri
2143 1971 2431 2028 exhibeant

159 2091 213 2130 se
253 2094 369 2133 non
403 2077 596 2132 hostili
638 2077 855 2143 animo,
901 2082 987 2158 set
1023 2090 1266 2147 reynum
1308 2074 1609 2130 tutandum
1655 2091 1823 2128 arma
1861 2075 2110 2144 cepisse,
2165 2091 2288 2130 cum
2321 2063 2431 2150 'per

53 2187 55 2208 ¹
160 2195 211 2232 se
255 2177 365 2235 veri
408 2177 586 2236 simile
622 2184 707 2234 est
750 2163 817 2232 ah
854 2174 981 2233 Sall.
1027 2193 1140 2233 non
1184 2178 1249 2233 ob
1285 2192 1526 2249 reynum
1571 2177 1891 2243 tutandum,
1937 2182 2021 2230 set
2055 2190 2295 2248 reynum
2341 2182 2429 2231 tu·

51 2265 55 2352 j
159 2286 359 2337 tantem
402 2281 668 2354 scriptum
711 2277 910 2342 fuisse,
956 2286 1069 2334 tum
1113 2279 1218 2335 hoc
1250 2277 1425 2334 multo
1460 2277 1664 2333 rectius
1708 2277 1813 2333 dici
1842 2277 2080 2351 adparet.
2160 2276 2292 2332 Nam
2333 2277 2426 2352 qui

158 2399 292 2438 arma
338 2382 409 2438 oh
456 2399 685 2455 regnum
731 2382 1016 2437 tutandum
1060 2380 1232 2454 capit,
1290 2380 1532 2436 nondum
1572 2378 1857 2435 lacessitus
1897 2386 1982 2434 set
2025 2396 2094 2434 ne
2129 2375 2430 2436 lacessatur

159 2482 349 2540 bellum
388 2483 537 2540 ultro
582 2483 785 2540 inferre
824 2491 1041 2557 potest;
1096 2490 1151 2538 at
1198 2482 1290 2556 qui
1332 2499 1563 2555 regnum
1616 2488 1796 2536 tutans
1848 2499 1994 2538 arma
2053 2481 2228 2555 capit,
2280 2480 2426 2540 bello

158 2585 249 2640 sibi
290 2584 459 2642 inlato
512 2603 665 2642 suam
725 2592 923 2640 terram
970 2584 1229 2640 defendit.
1334 2585 1405 2639 At
1455 2583 1698 2640 Bocchus
1755 2583 1860 2639 hoc
1916 2583 2093 2658 ipsum
2147 2583 2426 2647 mentitur,

51 2707 53 2734 :
156 2705 387 2743 caussam
431 2688 535 2745 sihi
577 2685 708 2744 belli
753 2686 941 2750 fuisse,
988 2687 1133 2761 quod
1176 2686 1374 2743 Marius
1419 2703 1536 2742 eam
1578 2693 1790 2760 partem
1825 2685 2119 2750 Numidiae,
2159 2703 2296 2760 quae
2331 2704 2429 2742 sua

158 2797 305 2854 essct,
350 2791 515 2846 armis
560 2789 879 2847 vastavisset
924 2787 1043 2861 (cfr.
1090 2796 1208 2851 110,
1253 2785 1325 2861 6)’.

311 2993 424 3068 lug.
483 3001 613 3058 103,
653 3001 683 3054 1
736 2993 792 3050 in
853 2992 1249 3049 vetustissumis
1296 2989 1451 3048 libris
1509 2991 1774 3066 scriptum
1825 3000 1939 3048 est:
2014 2993 2158 3049 Tum
2213 3006 2425 3049 rursus

156 3094 409 3152 Bocchus
462 3095 747 3168 feliciter,
802 3111 907 3151 seu
962 3095 1289 3165 reputando
1338 3125 1415 3133 —
1459 3109 1562 3150 seu
1607 3095 1931 3150 admonitus
1965 3126 2049 3134 —
2087 3096 2421 3166 reliquerat,

51 3237 53 3254 ;
156 3212 223 3251 ex
264 3199 417 3254 omni
457 3199 626 3269 copia
668 3203 771 3254 cet.
856 3197 1207 3254 Recentiores
1247 3178 1497 3267 feliciter
1551 3194 1684 3251 illud
1727 3195 2012 3260 omittunt,
2071 3213 2170 3252 nec
2213 3196 2423 3253 deside-

51 3277 53 3330 5
156 3307 311 3362 ratur,
355 3308 411 3355 at
451 3317 561 3372 quo
606 3299 768 3356 modo
812 3298 868 3353 in
906 3297 1085 3362 libros
1130 3297 1357 3355 inlatum
1404 3298 1491 3360 sit,
1533 3314 1692 3382 nemo
1736 3298 1909 3361 dicet,
1967 3299 2072 3354 nisi
2125 3299 2268 3355 forte
2323 3298 2422 3355 ali·

157 3401 265 3472 quis
310 3400 467 3474 fingit
510 3400 919 3474 grammaticum
962 3400 1171 3457 ardenti
1214 3400 1580 3456 Romanorum
1633 3397 1714 3456 vel
1753 3400 1885 3456 Mari
1941 3398 2026 3456 vel
2081 3399 2263 3457 Sullae
2307 3407 2422 3457 stu-

154 3501 233 3557 dio
276 3502 531 3575 gaudium
577 3503 740 3559 animi
786 3500 905 3567 sui,
964 3502 1111 3577 quod
1162 3502 1239 3558 sic
1278 3501 1564 3566 evenisset,
1617 3502 1977 3560 adscribundo
2023 3501 2119 3559 illo
2166 3502 2420 3560 adverbio

156 3603 386 3675 profiteri
445 3604 700 3661 voluisse.
784 3605 930 3661 Idem
983 3605 1154 3679 igitur
1205 3603 1261 3660 in
1315 3604 1458 3660 hunc
1508 3605 1690 3661 locum
1733 3603 1924 3662 cadere
1968 3604 2223 3684 adparet,
2276 3606 2423 3680 quod

51 3773 53 3776 y
154 3721 304 3778 supra
343 3706 409 3762 de
454 3713 573 3769 102,
610 3713 643 3767 6
686 3707 951 3762 monitum
994 3713 1080 3763 est
1125 3714 1179 3762 et
1223 3706 1501 3780 probanda
1527 3707 1850 3771 emendatio,
1889 3710 2111 3782 quaein
2143 3707 2420 3764 nonnullis

51 3839 53 3844 ·
154 3802 293 3862 libris
334 3825 495 3892 manu
538 3808 759 3883 scriptis
795 3808 1011 3864 inventa
1050 3789 1150 3871 est,
1194 3809 1447 3880 flectitur
1489 3807 1609 3881 (cfr.
1657 3816 1776 3873 102,
1814 3818 1895 3870 15.
1948 3810 2065 3882 lug.
2102 3815 2186 3872 64,
2219 3817 2255 3870 3
2294 3812 2419 3866 ani-

152 3923 265 3962 mus
294 3907 451 3964 Mari
476 3912 766 3982 ficemur,-
801 3912 1035 3983 flectere
1065 3911 1315 3966 animum
1342 3908 1457 3983 lug.
1491 3919 1542 3976 9,
1574 3918 1624 3971 3.
1670 3917 1753 3974 62,
1785 3917 1834 3972 6.
1878 3913 2166 3984 inqenium
2201 3917 2318 3975 102,
2345 3909 2416 3986 3).

153 4005 236 4064 Set
292 4010 384 4083 qui
436 4029 553 4067 eam
607 4012 947 4076 reiecerunt,
1019 4011 1069 4068 ei
1130 4011 1449 4070 rectissume
1502 4029 1827 4087 persensere
1884 4012 2035 4068 hiare
2093 4012 2414 4069 orationem.

153 4107 254 4175 Qua
312 4129 367 4168 re
411 4113 662 4186 equidem
719 4122 843 4171 ante
899 4130 977 4170 ex
1036 4116 1191 4172 omni
1222 4117 1413 4186 ,σοΡία
1465 4113 1790 4190 particulam
1841 4116 2018 4186 iyitur
2071 4114 2417 4170 inserundam

150 4214 339 4277 censui,
384 4216 531 4288 quod
574 4233 641 4272 eo
684 4216 863 4273 minus
907 4218 1161 4274 audacter
1204 4216 1405 4274 factum
1445 4215 1614 4272 videri
1649 4215 1826 4280 debet,
1874 4215 2020 4291 quod
2055 4215 2122 4271 ab
2156 4215 2260 4272 hoc
2295 4215 2415 4292 ipso

150 4310 261 4370 loco
302 4316 475 4391 ampla
512 4316 603 4374 illa
648 4317 869 4381 lacuna,
916 4337 1052 4393 quae
1104 4319 1159 4374 in
1208 4318 1486 4395 plerisque
1535 4318 1690 4374 libris
1734 4325 1844 4382 est,
1899 4317 2108 4394 incipit.
2165 4349 2238 4360 —
2287 4319 2416 4375 Eod.

1877 4416 1966 4478 9*
