3042 4917
896 328 1506 376 oouunu'rA'normu
1552 333 1693 376 car.
1740 333 1827 376 ιν.
2427 317 2500 380 71

209 505 376 563 quam
424 487 520 563 qui
565 486 624 544 in
658 486 782 544 sinu
813 495 914 544 est.
987 486 1061 543 Ea
1095 486 1399 546 obscuritas
1443 488 1675 552 tollitur,
1722 487 1813 545 ubi
1850 487 2127 562 praecedit
2160 490 2318 544 intra
2358 505 2508 546 moe-

203 594 326 647 nia.
403 591 606 648 Deinde
647 590 881 646 minume
927 591 1113 666 inepta
1155 591 1281 648 huic
1323 591 1447 648 loco
1492 598 1577 650 est
1619 591 1884 665 gradatio,
1930 607 2036 664 qua
2080 593 2239 648 intra
2284 594 2509 648 moenia

205 695 474 750 adiuncto
519 700 693 765 atque
735 694 794 747 in
835 694 966 748 sinu
1013 692 1318 767 explicetur
1353 693 1515 749 simul
1561 701 1618 749 et
1660 699 1951 766 augeatur,
1999 709 2099 750 nec
2140 693 2507 752 membrorum

206 795 576 870 aequabilitas
619 796 695 851 ita
738 793 1006 858 turbatur,
1051 789 1134 850 u'ti
1176 795 1311 852 ferri
1353 812 1462 851 non
1507 795 1705 869 possit.

385 898 500 954 Cat.
539 907 626 961 55,
660 905 687 957 1
735 914 858 954 cum
894 890 1144 971 plerique
1187 897 1565 953 vetustissumi
1602 905 1766 972 atque
1809 897 2021 972 optumi
2063 896 2191 953 libri
2232 899 2511 954 tresviros

206 999 324 1074 (sic
379 1000 528 1056 enim
591 1017 694 1074 pro
752 1001 1084 1056 triumviros
1139 999 1492 1057 scribundum
1548 999 1779 1074 censeo)
1845 1015 1995 1072 quae
2044 1000 2123 1056 ad
2170 1000 2508 1072 subplicium
2604 1047 2621 1062 ,

197 1103 547 1175 postulabat
584 1117 812 1173 parare
858 1103 1010 1159 iubet
1052 1109 1512 1165 contestarentur,
1561 1102 1617 1158 in
1659 1103 1847 1177 paucis
1878 1104 1959 1159 ad
1996 1119 2228 1166 erasum,
2274 1104 2329 1160 in
2372 1105 2509 1167 duo-

207 1205 313 1261 bus
363 1221 530 1279 supra
577 1202 774 1260 lineam
819 1205 1082 1279 scriptum
1129 1212 1304 1268 esset,
1348 1221 1535 1260 omnes
1584 1206 1678 1278 qui
1721 1205 1939 1261 edidere
1990 1204 2307 1270 Sallustium
2352 1223 2508 1280 prae-

206 1308 552 1382 positionem
587 1304 736 1361 illam
766 1323 876 1362 uno
922 1306 1038 1362 fere
1074 1323 1346 1363 consensu
1361 1295 1685 1364 ‘eiciundam
1721 1308 2023 1364 decrevere.
2091 1307 2271 1380 Atque
2308 1307 2509 1364 omissa

159 1470 166 1478 ,
206 1408 628 1484 praepositione
687 1409 866 1464 oratio
919 1407 1084 1464 habet
1129 1408 1345 1482 quidem
1395 1410 1544 1483 quod
1587 1408 1799 1484 placeat
1854 1417 1910 1465 et
1951 1408 2333 1464 consuetudini
2374 1409 2528 1466 scrir·

208 1511 396 1586 ptoris
423 1518 646 1584 optume
677 1511 965 1567 convenire
1005 1509 1124 1584 (csr.
1153 1509 1263 1566 Cat.
1301 1517 1385 1574 44,
1417 1519 1467 1571 5.
1511 1511 1626 1584 lug.
1680 1519 1760 1575 12,
1803 1520 1852 1573 3.
1902 1516 1985 1574 17,
2036 1518 2083 1570 l.
2130 1503 2297 1575 3515.
2339 1517 2425 1574 52,
2454 1519 2505 1571 5.

205 1619 292 1676 54,
329 1619 382 1673 6.
427 1619 514 1675 85,
544 1617 628 1671 29.
668 1617 752 1675 56,
791 1621 839 1672 1.
885 1618 970 1675 70,
1002 1612 1056 1686 3)
1103 1612 1379 1676 videatur;
1423 1612 1571 1687 quod
1611 1614 1789 1688 ipsum
1833 1630 2034 1687 pancos
2081 1612 2205 1670 illos
2251 1612 2506 1669 librarios

207 1716 306 1789 qui
380 1730 598 1770 erasere
653 1713 868 1770 videtur
919 1715 1276 1771 conmovisse.
1385 1716 1457 1770 At
1507 1721 1701 1772 contra
1754 1715 1973 1772 difficile
2032 1715 2180 1771 dictu
2236 1722 2322 1772 est
2378 1715 2507 1788 quid

209 1818 436 1873 tandem
479 1815 819 1890 glossator-es
877 1814 1140 1890 inpulerit
1192 1825 1254 1873 ut
1299 1816 1482 1874 locum
1528 1817 1929 1892 planissumum
1972 1834 2083 1873 nou
2129 1816 2504 1879 inlustrarent,

209 1929 297 1976 set
345 1917 592 1975 tenebris
638 1917 1018 1973 obfunderent.
1121 1919 1255 1975 Tum
1311 1936 1380 1974 an
1431 1919 1679 1995 ineptum
1746 1926 1831 1975 est
1882 1919 1987 1975 dici
2026 1918 2339 1976 Ciceronem
2392 1935 2505 1974 non

206 2022 379 2078 modo
425 2037 564 2094 quae
609 2018 936 2094 subplicium
987 2020 1325 2094 postularet,
1395 2031 1478 2078 set
1542 2039 1680 2096 quae
1736 2021 1853 2095 ipse
1912 2038 2021 2094 quo
2072 2020 2209 2076 illud
2264 2027 2387 2076 tuto
2442 2037 2505 2078 ac

209 2123 474 2180 celeriter
525 2120 883 2196 perficeretur
935 2122 1229 2196 inperanda
1280 2130 1531 2196 putaret,
1580 2124 1760 2198 parari
1806 2122 2065 2200 iussisse?
2159 2121 2289 2177 Cum
2335 2121 2505 2194 igitur
2589 2139 2597 2146 ·

207 2225 350 2281 illud
397 2223 640 2281 scribere
684 2223 930 2298 potuerit
971 2223 1264 2280 Sallustius
1317 2226 1464 2299 quod
1516 2225 1572 2280 in
1613 2225 1769 2282 libris
1809 2232 1919 2288 est,
1986 2223 2230 2306 quamvis
2272 2239 2505 2297 praepo-

209 2327 436 2384 sitionis
492 2325 716 2382 omissio
765 2325 920 2399 quasi
966 2324 1332 2383 blandissume
1369 2327 1640 2390 adrideat,
1688 2335 1865 2383 tamen
1906 2343 2017 2382 non
2054 2325 2337 2382 delendam
2375 2343 2501 2382 cen-

209 2446 326 2484 seo,
413 2427 509 2484 Set
549 2427 631 2483 uti
676 2428 780 2484 hoc
829 2428 950 2484 loco
987 2430 1065 2484 ad
1111 2429 1275 2484 tutari
1321 2430 1508 2491 audeo,
1553 2429 1630 2486 sic
1672 2447 1783 2485 non
1813 2446 2038 2504 possum
2068 2445 2179 2484 non
2211 2427 2501 2484 defendere

207 2531 386 2586 Cortii
431 2528 774 2593 sententiam,
821 2530 915 2604 qui
960 2530 1100 2585 infra
1137 2530 1190 2601 S.
1238 2538 1269 2589 5
1314 2531 1565 2587 vindices
1608 2547 1806 2588 rerum
1842 2531 2175 2602 capitalium
2214 2516 2508 2586 delendum⁸

209 2631 502 2694 iudicavit,
562 2631 618 2686 iu
665 2647 772 2705 qua
817 2630 1095 2705 plerisque
1155 2630 1292 2694 viris
1331 2632 1506 2688 doctis
1552 2641 1718 2707 atque
1755 2634 1889 2690 adeo
1929 2632 2163 2689 Linkero
2214 2649 2326 2688 non
2370 2632 2503 2688 satis

210 2734 428 2792 idoneis
471 2733 678 2790 caussis
715 2740 900 2789 motus
944 2751 1064 2789 esse
1102 2733 1248 2789 visus
1295 2742 1397 2790 est.
1473 2734 1690 2791 Scilicet
1724 2741 1961 2791 errasset
2003 2734 2239 2798 CortiuS,
2286 2735 2333 2790 si
2365 2742 2504 2790 tres-

207 2836 361 2892 viros
406 2835 666 2910 capitales
717 2834 871 2908 ipsos
909 2832 1092 2908 gulam
1133 2835 1466 2910 perfregisse
1524 2838 1870 2912 opinaretur,
1926 2837 2073 2910 quod
2118 2837 2224 2892 ruit
2272 2836 2503 2893 carnufi-

209 2956 352 3002 cum,
399 2955 499 2994 nec
542 2953 671 2992 vero
717 2955 836 2992 cum
879 2939 1128 2993 vindices
1174 2955 1372 2994 rerum
1428 2940 1762 3011 capitalium
1809 2939 2066 2995 tresviros
2116 2937 2222 2994 diei
2264 2946 2502 3013 putaret.

209 3041 343 3096 Nam
387 3039 534 3114 apud
575 3038 680 3095 Cic.
717 3039 784 3094 de
827 3040 994 3112 Legg.
1041 3038 1107 3093 111
1151 3046 1201 3102 3,
1247 3046 1280 3100 6
1321 3039 1407 3096 lex
1447 3041 1514 3097 de
1561 3041 1968 3114 magistratibus
1998 3039 2303 3096 minoribus
2345 3057 2502 3114 prae-

212 3141 375 3216 cipit:
422 3141 702 3212 capitalt'a
733 3142 1074 3197 vindicanlo.
1134 3141 1266 3196 Tum
1300 3143 1424 3216 quid
1460 3143 1667 3200 adiecta
1692 3143 1855 3199 verba
1891 3143 2096 3214 quibus
2120 3148 2501 3213 praeceptum

211 3251 344 3300 erat
386 3243 493 3300 sibi
535 3241 754 3298 volunt?
833 3241 1024 3298 Utrum
1065 3243 1115 3298 ei
1147 3243 1460 3308 carnuficeS,
1514 3244 1729 3319 quibus.
1745 3251 2093 3318 pracceptum
2130 3250 2262 3305 erat,
2308 3243 2502 3299 distin-

213 3344 416 3418 guendi
465 3345 617 3400 suere
659 3342 728 3399 ab
771 3339 908 3407 aliis,
955 3360 1022 3399 an
1067 3343 1359 3401 dicundum
1406 3353 1522 3402 erat
1569 3364 1664 3403 eos
1710 3345 2000 3420 ante-quid
2032 3362 2195 3418 agere
2239 3344 2501 3401 deberent

211 3447 440 3503 edoctos
484 3453 651 3519 atque
689 3445 988 3502 instructos
1027 3446 1184 3501 esse?
1267 3446 1409 3504 Haec
1451 3447 1613 3504 verba
1659 3466 1758 3522 per
1815 3466 1873 3504 se
1924 3447 2221 3521 aptissuma
2266 3454 2394 3504 sunt
2437 3448 2502 3502 ad

211 3566 306 3604 eos
353 3548 449 3622 qui
509 3545 644 3603 illud
699 3546 834 3603 iussi
897 3547 1177 3622 perfecere
1223 3548 1636 3622 significandOS,
1699 3547 1763 3604 ad
1806 3551 2056 3606 vindices
2098 3565 2297 3605 rerum
2341 3552 2502 3622 capi-

213 3653 413 3706 talium
462 3646 634 3704 relata
686 3664 1080 3723 supervacanea
1119 3649 1370 3706 videntur
1426 3668 1486 3707 ac
1529 3667 1699 3725 paene
1744 3651 1992 3708 absurda.
2078 3652 2157 3707 Ad
2199 3670 2335 3726 quae
2380 3669 2503 3708 cum

212 3751 465 3814 adcedat,
520 3750 577 3805 in
632 3748 788 3806 libris
831 3750 906 3806 ita
946 3751 1211 3807 variatum
1254 3769 1402 3815 esse,
1450 3760 1513 3809 ut
1558 3751 1764 3827 aliquid
1810 3753 2087 3810 turbatum
2128 3753 2297 3810 fuisse
2339 3753 2501 3826 adpa-

211 3861 345 3916 reat,
387 3851 636 3910 Cortium
679 3860 826 3911 recte
871 3852 1136 3910 iudicasse
1177 3853 1431 3910 arbitror.

385 3955 499 4012 Cat.
547 3959 645 4016 57,
691 3962 719 4014 l
781 3954 928 4028 quod
974 3953 1103 4011 olim
1147 3955 1508 4021 defenderam,
1563 3956 2027 4027 Transalpinam,
2077 3971 2218 4011 nunc
2260 3953 2500 4011 abiciun-

213 4059 340 4115 dum
370 4073 590 4119 censeo,
633 4057 874 4130 quamvis
923 4073 1110 4113 omnes
1154 4056 1282 4113 libri
1328 4066 1564 4114 teneant.
1651 4057 1982 4131 Quamquam
2013 4058 2156 4114 enim
2197 4057 2329 4131 quin
2358 4055 2501 4111 Cati-

215 4160 323 4215 lina
361 4157 694 4231 Allobroges
729 4157 1054 4216 sollicitatos
1085 4159 1192 4216 iam
1223 4160 1288 4216 ad
1317 4178 1441 4216 suas
1473 4160 1659 4234 copias
1700 4159 1995 4232 adiungere
2029 4158 2264 4215 voluerit
2295 4156 2497 4230 (Drum.

215 4261 260 4316 V
299 4279 354 4336 p.
392 4266 498 4320 566
543 4267 599 4314 et
637 4259 758 4334 569)
797 4259 1034 4317 dubitari
1076 4262 1295 4336 nequit,
1350 4270 1528 4318 tamen
1572 4262 1841 4335 scriptor,
1902 4261 1996 4334 qui
2050 4260 2187 4317 viam
2229 4259 2501 4317 describat

219 4361 352 4436 sper
395 4361 692 4437 tramites)
735 4369 792 4422 et
825 4363 904 4422 eis
949 4362 1103 4428 locis,
1147 4364 1204 4419 in
1240 4381 1379 4439 quae
1415 4381 1480 4420 ea
1522 4364 1688 4428 ducit,
1732 4363 1890 4439 quasi
1930 4361 2241 4421 transiliens
2280 4361 2501 4437 longin-
