3042 4917
965 302 1575 346 οοΝΜΕΝΤΑΤΙοΝυΜ
1620 302 1761 343 GAP.
1808 302 1880 341 11.
2490 282 2571 343 23

273 460 444 535 pleri,
487 467 545 516 et
587 464 684 523 64,
728 466 777 519 1.
831 459 942 515 Cat.
986 465 1085 521 21,
1130 464 1180 518 5.
1237 462 1333 520 26,
1382 466 1416 519 5
1455 460 1657 529 petere
1712 462 1769 513 et
1802 458 2003 529 petitio
2060 451 2311 512 similiter
2366 455 2570 513 dictum

274 580 413 625 esse,
453 561 694 635 neglexit
729 561 965 637 primum
1010 561 1142 617 haec
1186 560 1253 615 de
1293 559 1424 615 Mari
1481 558 1768 637 superiore
1822 558 1931 614 vita
1975 557 2279 615 narrationi
2323 556 2391 613 ab
2436 558 2570 614 scri-

273 671 440 738 ptore
485 662 812 738 interposita
843 680 978 725 esse,
1019 662 1073 717 id
1118 661 1265 735 quod
1295 678 1359 716 ex
1401 667 1487 717 set
1530 660 1583 733 S.
1618 668 1653 721 3
1694 661 1935 741 adparet,
1987 668 2104 717 tum
2147 678 2272 717 cum
2315 660 2372 715 in
2412 677 2569 735 prae-

273 764 597 823 cedentibus
633 763 924 821 Sallustius
954 779 1070 820 non
1101 762 1401 819 narraverit
1426 762 1653 819 Marium
1680 770 1991 838 praetorem
2021 762 2209 825 fuisse,
2233 762 2569 835 ampliorem

266 872 634 940 potestatem,
678 883 784 941 qua
827 865 1028 938 dignus
1072 864 1291 921 habitus
1337 865 1424 928 sit,
1464 865 1707 939 quemvis
1741 864 2003 921 maiorem
2032 865 2411 938 magistratum
2448 882 2569 921 esse

273 987 459 1044 posse,
505 968 572 1025 de
609 966 899 1025 consulatu
948 974 1011 1023 ut
1063 966 1342 1039 cogitetur
1389 966 1527 1022 m‘hil
1569 984 1800 1041 prorsus
1844 984 2070 1039 cogere,
2124 965 2359 1041 denique
2415 964 2571 1022 libris

273 1088 441 1127 manu
493 1070 714 1145 scriptis
754 1085 866 1125 non
916 1074 1116 1141 petere
1177 1076 1262 1124 set
1303 1070 1579 1140 adpetere
1632 1067 1897 1144 praeberi.
1982 1068 2199 1125 Scilicet
2255 1068 2341 1123 his
2392 1067 2573 1123 vei-his

272 1174 342 1229 ad
391 1190 560 1248 supra
603 1172 747 1229 dicta
790 1188 1045 1227 revorsus
1088 1170 1330 1244 scriptor
1363 1170 1619 1233 Marium,
1680 1170 1919 1244 quamvis
1964 1171 2019 1227 in
2060 1188 2126 1227 eo
2172 1188 2359 1226 omnes
2400 1169 2570 1226 virtu-

272 1282 361 1330 tes
398 1274 662 1336 inessent,
695 1279 876 1329 tamen
911 1271 1273 1334 consulatum,
1312 1271 1468 1328 cuius
1501 1272 1711 1345 ingenti
1749 1272 2001 1347 cupidine
2030 1272 2414 1345 exagitaretur,
2458 1289 2569 1328 non

271 1375 440 1433 modo
486 1391 598 1431 non
642 1381 830 1448 petere
875 1374 908 1429 i.
949 1392 994 1431 e.
1039 1390 1237 1431 nomen
1283 1373 1427 1429 inter
1473 1374 1789 1431 candidatos
1834 1374 2108 1449 profiteri,
2168 1380 2252 1429 set
2294 1389 2363 1428 ne
2407 1372 2570 1447 adpe-

275 1486 394 1534 tere
439 1476 674 1551 quidem,
708 1492 947 1561 prorsus
993 1474 1129 1530 nihil
1175 1474 1322 1549 quod
1361 1474 1426 1530 ad
1485 1492 1609 1532 eum
1661 1476 1988 1551 capiundum
2044 1476 2347 1552 pertineret
2390 1475 2567 1534 facere

269 1596 468 1637 ausum
504 1595 623 1635 esse
667 1577 814 1635 dicit.
895 1576 1002 1632 Csr.
1047 1576 1158 1631 Cat.
1199 1582 1282 1639 14,
1323 1584 1372 1637 5.
1435 1577 1549 1650 lug.
1598 1582 1680 1641 14,
1725 1588 1773 1638 5.

447 1681 565 1753 lug.
613 1684 696 1742 67,
748 1687 771 1738 l
821 1679 915 1752 qui
957 1678 1409 1761 consideraverit,
1455 1678 1702 1735 codicum
1748 1660 2099 1755 optumorum
2147 1688 2203 1737 et
2246 1680 2570 1739 vetustissu-

267 1800 488 1841 morum
534 1798 656 1837 esse
700 1782 952 1837 Romani
989 1781 1222 1848 milites,
1267 1766 1559 1852 inproviso
1597 1788 1779 1849 metu,
1834 1784 2045 1839 incerti
2083 1784 2386 1856 iynarique
2431 1786 2573 1855 quid

257 1887 649 1958 potissumum
703 1882 1002 1955 facerent,
1059 1883 1384 1953 trepidare,
1441 1898 1636 1939 arcem
1670 1885 1892 1955 oppidi,
1954 1885 2053 1940 ubi
2095 1888 2261 1959 siyna
2296 1862 2361 1942 ⁴et
2402 1892 2568 1943 scuta

266 1992 460 2055 erant,
501 1986 862 2058 praesidium
897 1985 1159 2051 hostium,
1200 1990 1411 2055 portae
1461 1990 1595 2041 ante
1638 1988 1871 2041 clausae
1910 1984 2116 2066 fuqam
2161 1989 2565 2060 prohibebant,

269 2091 354 2146 ad
389 2090 498 2145 hoc
533 2089 804 2144 mulieres
838 2088 1124 2159 puerique
1159 2084 1277 2157 pro
1323 2090 1484 2143 tectis
1516 2089 1909 2159 aedificiorum
1941 2103 2095 2143 saxa
2139 2096 2195 2147 et
2232 2092 2371 2162 alia,
2416 2106 2567 2162 quae

266 2193 433 2248 locus
466 2190 818 2262 praebebat,
870 2190 1133 2245 certatim
1177 2188 1430 2257 mittere,
1478 2190 1940 2263 praepositionem
1982 2192 2062 2247 ad
2104 2191 2171 2247 ab
2213 2191 2451 2248 librariis
2500 2192 2567 2247 ad

267 2292 633 2367 subplendam
685 2290 933 2347 mutilam
981 2290 1284 2346 orationem
1339 2290 1600 2348 adiectam
1650 2309 1769 2347 esse
1814 2309 1881 2347 eo
1927 2292 2140 2349 facilius
2195 2293 2297 2350 sibi
2340 2312 2568 2369 persua-

267 2393 440 2465 debit,
489 2394 638 2467 quod
683 2391 776 2448 illa
819 2400 1038 2467 recepta
1091 2410 1204 2448 non
1259 2409 1446 2448 omnes
1490 2392 1839 2451 difficultates
1884 2401 2249 2451 removentur.
2332 2395 2464 2469 Nam
2522 2396 2568 2452 si

265 2512 398 2553 cum
440 2494 628 2552 Cortio
678 2496 974 2565 trepidare
1019 2496 1099 2551 ad
1141 2472 1335 2551 arcem
1373 2494 1511 2567 (Liv.
1558 2496 1625 2551 IX
1666 2502 1751 2559 37,
1784 2504 1819 2557 9
1862 2497 1942 2552 ad
1978 2514 2145 2553 arma
2188 2499 2565 2571 trepidantes)

265 2597 594 2670 coniungas,
641 2595 735 2653 ubi
770 2595 906 2652 illud
936 2596 1266 2671 praesidium
1295 2597 1555 2662 hostium,
1603 2580 1749 2673 quod
1784 2598 1967 2671 sugam
1996 2600 2339 2673 prohibebat,
2380 2601 2565 2679 suerit,

264 2717 506 2777 prorsus
550 2715 662 2754 non
707 2696 1066 2771 intellegitur.
1154 2698 1248 2753 Sin
1292 2698 1486 2755 Kritzii
1534 2700 1858 2757 sententiam
1910 2703 1989 2758 ad
2032 2718 2227 2759 arcem
2270 2735 2353 2745 —-
2392 2718 2567 2775 prae-

261 2804 480 2859 sidium
500 2801 748 2858 hostium
771 2799 1149 2872 coniungenda
1169 2801 1442 2857 censentis
1477 2802 1813 2876 probaveris,
1836 2802 1971 2859 illud
1994 2804 2235 2869 offendit,
2273 2805 2421 2881 quod
2442 2825 2565 2863 cum

265 2904 438 2962 trium
477 2904 677 2960 horum
721 2900 1104 2965 membrorum,
1153 2902 1352 2976 quihus
1397 2920 1496 2959 cur
1542 2903 1743 2960 milites
1791 2904 2176 2979 trepidaverint
2218 2908 2563 2972 inlustratur,

263 3005 584 3082 posteriora
628 3022 788 3061 suum
825 3004 1082 3078 quodque
1124 3004 1348 3062 verbum
1390 3004 1639 3068 habeant,
1688 3006 1742 3062 id
1787 3006 1843 3062 in
1874 3007 2052 3080 primo
2085 3027 2246 3082 aegre
2293 3010 2565 3067 desidera-

263 3116 379 3165 tur.
467 3106 572 3174 Qui
631 3123 760 3164 vero
817 3106 896 3163 ad
943 3106 1251 3163 eiciundum
1318 3107 1635 3169 decrevere,
1694 3116 1778 3164 set
1829 3124 2024 3164 arcem
2076 3110 2144 3165 ad
2179 3110 2566 3182 prohibebant

266 3208 571 3271 rettulere,
627 3208 925 3280 zeugmatis
971 3225 1146 3281 genus
1199 3215 1440 3265 statuere
1483 3210 1629 3283 apud
1672 3208 1986 3267 Sallustium
2033 3218 2183 3268 certe
2243 3212 2561 3269 inauditum.

268 3311 411 3380 Quid
465 3310 639 3384 igitur
682 3316 882 3372 restat,
937 3308 1044 3386 nisi
1099 3317 1160 3365 ut
1217 3310 1322 3367 hoc
1376 3310 1500 3367 loco
1550 3311 1691 3369 idem
1734 3311 1989 3369 accidisse
2036 3312 2361 3378 iudicemus,
2418 3316 2566 3390 quod

268 3411 392 3469 aliis
440 3412 644 3468 sactum
689 3426 814 3467 esse⁴
854 3412 1227 3483 cognovimus,
1270 3418 1332 3469 ut
1361 3419 1490 3486 post
1530 3413 1775 3469 hostium
1812 3414 2037 3473 verbum
2083 3416 2375 3475 exciderit?
2418 3419 2567 3492 quod

268 3514 564 3572 obsidebat
600 3512 769 3569 fuisse
800 3511 866 3567 ab
903 3512 1012 3568 veri
1051 3513 1231 3588 specie
1261 3530 1372 3569 non
1402 3531 1632 3590 prorsus
1662 3515 1937 3580 abhorret,
1975 3518 2078 3575 nisi
2109 3519 2270 3584 forte,
2310 3528 2373 3578 ut
2412 3539 2568 3580 caus-

271 3634 386 3674 sam
429 3614 744 3672 omissionis
787 3614 900 3670 veri
938 3614 1256 3673 similiorem
1293 3616 1552 3679 invenias,
1595 3619 2013 3688 praecludebat
2056 3622 2237 3679 mavis.

443 3716 595 3774 Novo
639 3715 886 3791 exemplo
931 3715 1201 3792 inperium
1243 3716 1375 3773 belli
1429 3717 1735 3791 iugurthini
1792 3720 1857 3775 ad
1898 3721 2121 3779 Marium
2179 3724 2331 3781 iussu
2375 3726 2568 3801 populi

269 3819 601 3877 translatum
639 3826 740 3875 est.
826 3816 969 3885 Quae
1012 3836 1101 3875 res
1141 3819 1372 3876 obscura
1413 3827 1512 3883 est,
1556 3838 1679 3877 cum
1724 3818 2047 3897 quicumque
2091 3826 2157 3881 de
2204 3844 2267 3882 ea
2302 3844 2568 3884 memora·
2650 3842 2657 3847 ·

271 3939 398 3978 vere
442 3920 743 3995 scriptores
788 3919 924 3975 nihil
955 3919 1100 3976 aliud
1152 3922 1260 3977 nisi
1303 3920 1433 3977 belli
1481 3921 1549 3978 ab
1594 3922 1811 3981 Metello
1870 3942 2042 3999 paene
2095 3926 2199 3983 iam
2240 3928 2442 4002 patrati
2485 3928 2567 3985 in-

273 4023 489 4099 perium
539 4021 707 4078 Mario
771 4021 1030 4078 traditum
1073 4040 1193 4079 esse
1239 4023 1580 4080 narraverint
1638 4024 1772 4097 (vid.
1828 4026 2161 4083 Freinshem.
2221 4028 2398 4104 subpl.
2454 4030 2565 4086 Liv.

275 4124 409 4180 LXV
453 4122 560 4197 50).
634 4122 882 4180 Metellus
929 4122 1088 4187 enim,
1135 4141 1256 4181 cum
1299 4142 1346 4180 a.
1387 4132 1488 4186 109
1524 4126 1716 4182 consul
1760 4134 1903 4182 esset
1948 4128 2106 4201 eique
2142 4129 2419 4203 provincia
2460 4132 2567 4189 Nu-

276 4225 439 4281 midia
485 4224 758 4281 evenisset
799 4224 904 4297 (43,
956 4223 1023 4298 1),
1075 4226 1426 4285 comitiorum
1471 4244 1624 4283 mora
1667 4226 1794 4300 (44,
1838 4226 1903 4301 3)
1946 4235 2001 4285 et
2042 4230 2303 4304 adparatu
2343 4232 2567 4291 militari

278 4324 382 4398 (44,
426 4324 482 4398 2)
527 4325 800 4399 inpeditus
843 4344 910 4383 eo
953 4333 1200 4401 tempore
1246 4328 1300 4384 in
1346 4327 1583 4385 Africam
1620 4329 1793 4392 venit,
1844 4346 1953 4404 quo
1995 4331 2322 4391 aestivorum
2354 4342 2565 4411 tempus
