3042 4917
890 231 1501 312 conuenmrlonun
1549 268 1691 311 cAP.
1739 268 1796 311 v.
2376 250 2496 312 127

206 424 437 480 abunde
480 423 596 480 illis
633 421 977 495 facundiam
1017 432 1073 480 et
1112 399 1462 497 conpositam
1506 426 1819 481 orationem
1859 421 1993 495 fore
2041 440 2151 480 non
2194 423 2371 479 solum
2419 424 2494 488 93,

202 536 293 584 set
348 527 511 582 etiam
562 525 814 582 nonnulli
860 544 924 583 ex
978 526 1197 584 relicuis
1255 527 1411 583 libris
1462 527 1743 600 praebent.
1845 527 1919 580 Ac
1971 525 2169 582 dixerit
2226 526 2494 600 quispiam

204 631 389 686 minus
431 629 569 686 bene
614 629 911 703 procedere
950 647 1011 686 ac
1063 629 1216 703 quasi
1248 629 1487 685 defluere
1533 628 1836 684 orationem
1879 628 1926 682 si
1955 645 2066 683 non
2100 627 2242 684 aliud
2277 629 2496 684 adiecti·

200 750 331 788 vum
376 732 443 787 ad
473 733 785 787 orationem
812 731 1098 794 reseratur,
1144 739 1229 787 set
1272 730 1669 787 substantivum
1711 738 2092 805 anteponatur.
2165 731 2237 784 At
2273 733 2497 790 abunde

200 853 329 890 cum
372 834 713 906 facundiam
754 833 1191 906 coniungentium
1230 851 1350 890 esse
1383 833 1607 907 adparet
1641 841 1703 888 ut
1743 833 2110 888 membrorum
2141 831 2495 906 aequabilitas

203 944 421 992 servata
464 935 553 998 sit,
642 936 736 991 Set
780 953 1105 1011 quamquam
1148 954 1260 992 non
1301 935 1487 991 nescio
1545 935 1789 991 Ovidium
1831 935 2041 991 Metam.
2089 934 2201 990 Xlll
2235 940 2329 995 127
2363 937 2494 992 scri-

200 1041 385 1113 psisse
428 1053 613 1110 neque
658 1039 818 1094 abest
848 1038 1127 1111 facundis
1169 1041 1365 1110 qratia
1402 1039 1596 1105 dictae,
1656 1046 1833 1094 tamen
1885 1055 1953 1092 an
2010 1037 2064 1092 in
2115 1037 2357 1111 pedestri
2399 1057 2494 1111 ge-

200 1159 338 1197 nere
390 1141 657 1213 facunda
714 1143 899 1197 oratio
951 1141 1057 1197 dici
1102 1140 1373 1216 potuerit,
1420 1140 1766 1196 vehementer
1818 1139 2028 1195 dubito.
2116 1138 2328 1195 Etenim
2371 1158 2492 1196 cum
2589 1195 2594 1200 .

194 1243 502 1315 facundus
545 1243 593 1298 is
623 1243 697 1300 sit
730 1243 823 1318 qui
868 1243 1016 1299 fandi
1052 1243 1104 1298 id
1132 1261 1178 1298 e.
1221 1243 1509 1300 verborum
1541 1241 2046 1316 profundendorum
2077 1242 2234 1316 copia
2266 1241 2490 1316 polleat,

198 1346 371 1400 homo
414 1353 561 1401 recte
604 1346 679 1400 ita
720 1344 919 1400 dicitur
964 1343 1109 1418 (lug.
1155 1353 1249 1408 95,
1298 1353 1347 1406 3.
1391 1344 1477 1399 Fr.
1524 1345 1591 1416 Ν
1630 1343 1759 1417 25),
1809 1351 1957 1399 recte
2006 1343 2205 1399 dicitur
2259 1346 2493 1400 libertas

198 1446 451 1520 (Quintil.
508 1447 554 1502 X
601 1456 659 1510 1,
702 1446 803 1519 55)
852 1446 1053 1521 quippe
1107 1465 1275 1521 quae,
1320 1464 1443 1503 cum
1503 1446 1651 1502 fandi
1696 1447 1908 1520 copiam
1949 1445 2111 1502 faciat
2157 1454 2213 1502 et
2257 1448 2494 1504 animum

196 1550 379 1612 addat,
418 1549 538 1624 ipsa
584 1549 810 1605 facunda
855 1549 1126 1611 videatur,
1186 1550 1379 1611 oratio,
1428 1566 1566 1622 quae
1625 1549 1742 1623 ipsa
1797 1548 2177 1623 profunditur,
2235 1548 2339 1604 dici
2383 1567 2493 1606 non

198 1659 407 1726 potest.
496 1651 603 1708 Nec
643 1668 837 1707 vereor
882 1668 950 1708 ne
995 1651 1117 1725 quis
1153 1651 1286 1706 mihi
1332 1649 1573 1724 obponat
1616 1651 1928 1707 Ciceronem
1963 1650 2246 1724 scripsisse
2275 1652 2327 1707 d.
2363 1669 2441 1707 or.
2473 1653 2494 1706 1

198 1761 287 1815 54,
334 1760 435 1813 231
480 1756 565 1809 sie
606 1757 763 1810 illam
807 1756 1122 1810 orationem
1166 1755 1439 1809 disertam
1481 1754 1593 1809 sibi
1634 1751 1910 1825 (Socrati)
1955 1759 2011 1808 et
2053 1756 2368 1810 oratoriam
2411 1757 2492 1810 vi-

198 1858 347 1918 deri,
386 1855 602 1928 fortem
640 1863 696 1912 et
736 1857 952 1912 virilem
996 1873 1109 1911 non
1154 1856 1340 1911 videri
1369 1848 1431 1928 1).
1520 1855 1653 1910 Nam
1704 1872 1826 1910 cum
1879 1854 2116 1910 disertus
2165 1855 2237 1911 sit
2293 1855 2339 1911 is
2398 1857 2492 1930 qui

196 1958 509 2032 perspicue,
554 1957 803 2020 dilucide,
848 1958 913 2017 ad
954 1957 1389 2031 persuadendum
1433 1963 1558 2030 apte
1608 1957 1752 2013 dicat
1799 1954 1924 2028 (Cic.
1971 1957 2024 2011 d.
2072 1975 2152 2011 or.
2198 1956 2220 2010 1
2264 1962 2358 2019 21,
2404 1962 2488 2016 94.

198 2061 291 2115 Or.
323 2069 387 2138 ’5,
424 2058 529 2131 18),
580 2060 717 2115 hanc
762 2061 1013 2116 virtutem
1053 2060 1118 2114 ad
1166 2059 1468 2115 orationem
1512 2058 1800 2141 transferri
1844 2075 2008 2132 posse
2049 2057 2206 2113 facile
2248 2059 2488 2132 adparet.

196 2161 347 2216 Infra
403 2165 472 2220 27
515 2160 676 2234 {volgo
736 2162 944 2218 editur.-
1002 2163 1151 2218 Nam
1210 2177 1296 2216 me
1353 2135 1712 2233 quidem‘eoe
1768 2161 1947 2215 animi
1995 2162 2275 2216 sententia
2329 2162 2490 2216 nulla

198 2264 389 2319 oratio
432 2265 663 2320 laedere
700 2271 923 2336 potest,-
969 2267 1180 2336 quippe
1224 2279 1363 2319 vera
1406 2278 1638 2319 necesse
1689 2269 1775 2318 est
1805 2264 1954 2326 ,bene
1986 2263 2316 2334 praedicet,
2371 2261 2489 2334 fal·
2583 2281 2588 2286 ’

192 2381 324 2420 sam
357 2366 473 2420 vita
507 2381 805 2438 moresque
842 2369 955 2422 mei
992 2371 1289 2438 superant.
1380 2364 1670 2433 Quaeritur
1713 2383 1840 2420 num
1872 2371 2128 2440 praestet,
2161 2382 2320 2439 quarn
2352 2363 2491 2420 anti·

198 2467 541 2540 quissumam
573 2469 899 2543 scripturam
930 2449 1197 2524 essenon
1229 2467 1404 2523 solum
1441 2485 1505 2523 ex
1541 2467 1616 2531 Q,
1668 2475 1753 2524 set
1789 2468 1950 2523 etiam
1983 2485 2046 2523 ex
2083 2465 2302 2523 relicuis
2332 2465 2488 2522 libris

194 2575 525 2643 conpertum
560 2577 672 2626 est:
708 2573 1054 2641 praedicent
1094 2579 1151 2626 et
1186 2569 1366 2642 falsa.
1456 2569 1696 2626 Primum
1751 2569 1924 2644 igitur
1965 2571 2216 2644 adparet,
2259 2567 2307 2623 si
2358 2569 2490 2624 haec

195 2671 527 2746 probentur,
568 2687 707 2728 vera
751 2681 1005 2729 neutrum
1046 2672 1276 2748 pluralis
1312 2689 1422 2728 non
1460 2691 1625 2746 posse
1665 2672 1969 2730 subiectum
2012 2671 2218 2734 haberi,
2263 2677 2348 2727 set
2393 2671 2488 2727 ob-

196 2773 401 2829 iectum
454 2791 573 2830 esse
630 2775 782 2831 verbi
823 2777 962 2832 bene
991 2777 1365 2847 praedicent,
1436 2773 1591 2830 cuius
1643 2775 1946 2832 subiectum
2006 2775 2078 2830 sit
2101 2825 2110 2836 ,
2135 2773 2486 2830 indefinitum.

118 2941 127 2944 ,
193 2875 343 2930 Haec
383 2893 517 2948 ergo
564 2877 836 2933 sententia
878 2885 989 2933 est:
1038 2894 1175 2951 quae
1218 2884 1345 2932 vera
1390 2885 1535 2940 sunt,
1583 2894 1646 2932 ea
1689 2878 1936 2933 homines
1973 2895 2084 2932 non
2118 2876 2335 2932 laudare
2377 2893 2486 2931 non

194 2985 451 3050 possunt,
499 2994 635 3052 quae
681 2977 829 3041 salsa,
876 2996 976 3054 per
1019 2979 1183 3035 vitam
1235 2997 1407 3035 meam
1451 2987 1506 3034 et
1553 2996 1733 3036 mores
1774 2979 2103 3034 refelluntur
2148 2986 2204 3034 et
2246 2978 2487 3033 refutan-

196 3087 305 3142 tur,
350 3079 439 3138 vel
482 3080 739 3154 quoniam
783 3098 907 3136 vera
948 3099 1011 3136 ea
1046 3058 1190 3145 sunt,
1236 3099 1372 3156 quae
1416 3080 1616 3139 Marius
1658 3098 1782 3136 vere
1830 3081 1985 3136 fecit:
2034 3097 2172 3154 quae
2217 3078 2336 3141 feci,
2375 3095 2486 3133 non

192 3189 434 3256 possunt
467 3200 577 3238 11011
611 3181 832 3245 laudari,
876 3200 1013 3257 quae
1052 3184 1184 3240 mihi
1215 3183 1581 3257 adfinguntur,
1628 3200 1690 3238 ea
1733 3181 1886 3237 nullo
1923 3181 2148 3254 negotio
2184 3181 2486 3237 reiciuntur

148 3274 256 3340 'ac
312 3301 382 3338 ne
440 3292 602 3356 egent
659 3285 873 3358 quidem
935 3286 1286 3342 refutatione.
1388 3285 1524 3341 Tum
1579 3283 1734 3340 facile
1791 3283 2132 3356 intellegitur
2181 3302 2332 3345 eum,
2392 3285 2484 3358 qui

192 3403 293 3442 cur
338 3401 397 3440 se
438 3385 585 3441 nulla
632 3387 809 3443 oratio
857 3385 1069 3444 laedere
1100 3388 1277 3462 possit
1307 3394 1560 3462 exponat,
1605 3386 1852 3460 graviore
1899 3394 2221 3460 argumento
2256 3405 2484 3444 usurum

191 3505 334 3550 esse,
381 3505 502 3544 cum
548 3488 603 3544 in
644 3507 701 3545 se
746 3489 882 3545 nihil
922 3507 1041 3546 esse
1088 3490 1233 3564 quod
1266 3508 1377 3546 non
1421 3489 1629 3545 laudari
1669 3506 1780 3545 non
1824 3489 2018 3564 possit,
2063 3489 2199 3546 nihil
2245 3489 2348 3546 sibi
2393 3489 2485 3547 ad-

190 3590 325 3663 111131
361 3606 529 3664 posse
580 3591 727 3664 quod
762 3609 874 3647 non
919 3593 1103 3648 statim
1161 3591 1359 3648 salsum
1411 3610 1532 3648 esse
1578 3599 1944 3666 cognoscatur
1987 3593 2263 3656 ostendat,
2323 3611 2483 3667 quam

189 3710 316 3748 cum
361 3692 627 3748 orationis
684 3710 883 3766 genera
934 3695 1210 3750 contraria
1261 3693 1534 3750 discernat
1591 3702 1647 3750 et
1696 3693 1870 3750 altero
1927 3693 2030 3749 sibi
2086 3693 2297 3751 laudem
2343 3695 2480 3758 addi,

190 3793 371 3849 altero
414 3793 549 3848 nihil
604 3795 814 3851 detrahi
866 3795 1036 3851 dicat:
1093 3813 1228 3868 ergo
1289 3794 1385 3851 illo
1437 3797 1599 3852 modo
1659 3796 1934 3853 declarare
1988 3795 2212 3851 Marium
2262 3797 2482 3853 omniuo

190 3894 399 3950 nullam
441 3896 745 3952 orationem
788 3897 1015 3952 inveniri
1054 3915 1244 3972 posse,
1293 3915 1430 3971 quae
1475 3899 1580 3954 sibi
1618 3904 1839 3960 noceat,
1895 3897 2001 3953 hoc
2043 3899 2204 3953 modo
2249 3898 2481 3952 alterum
2551 3968 2556 3972 ι

189 4015 367 4070 genus
408 3997 512 4053 sihi
554 3996 699 4054 laudi
744 3999 880 4061 fore,
927 3997 1159 4056 alterum
1194 4017 1318 4054 non.
1349 3999 1675 4054 nociturum.
1763 3999 1843 4054 Ad
1889 3991 2026 4072 quae
2063 3998 2289 4061 adcedit,
2336 3999 2481 4071 quod

191 4099 286 4173 qui
336 4117 395 4156 se
450 4099 599 4156 nulla
650 4101 897 4156 oratione
943 4100 1084 4157 laedi
1122 4119 1285 4177 posse
1321 4091 1512 4174 neget,
1561 4097 1690 4156 eum
1747 4101 1816 4155 de
1862 4100 2110 4156 oratione
2167 4117 2278 4156 non
2335 4117 2476 4162 vera,

280 4313 341 4381 l)
378 4317 616 4366 Litterae
654 4318 878 4367 disertae
924 4315 1043 4368 Cic.
1084 4317 1155 4366 ad
1192 4317 1322 4368 fam.
1361 4317 1448 4367 ΙΙΙ
1486 4315 1568 4381 ll,
1605 4317 1656 4366 4.
1697 4316 1766 4366 ad
1793 4316 1915 4376 ,Ata
1953 4317 2061 4367 VII
2095 4316 2144 4366 2.
2183 4314 2232 4365 8.
