3042 4917
543 293 627 367 ‘62
1208 317 1813 366 connenmvnonun
1860 317 2009 364 cAP.
2058 319 2147 366 ιν.

531 479 816 551 periculis
862 483 1120 550 ereptam
1175 491 1330 538 esse,-
1377 495 1563 549 porro
1618 485 1808 534 autem
1844 480 2063 536 anxius
2104 486 2235 535 erat
2275 477 2544 536 dubitans
2596 479 2659 534 in
2704 495 2831 532 ma·

539 599 717 638 :cumo
758 581 972 635 scelere
1015 581 1192 634 tantis
1232 581 1448 635 civibus
1483 581 1857 651 deprehensis
1895 583 2035 654 quid
2071 581 2234 654 facto
2274 595 2418 653 opus
2452 587 2636 636 esset.-
2684 595 2828 651 poe-

539 701 674 741 nam
711 663 949 738 *illorum
1001 682 1111 737 sibi
1155 683 1343 749 oneri,
1397 683 1776 752 inpunitatem
1842 687 1933 740 rei
1980 687 2246 755 publicae
2297 685 2641 755 perdundae
2689 682 2831 754 sore

539 786 835 854 credebat,
891 783 1053 840 verba
1095 785 1422 840 laetabatur
1464 785 1822 857 intelleyens‚
1866 787 2061 842 deinde
2106 788 2324 841 anseius
2364 791 2493 841 erat
2532 785 2825 851 (habitam,

543 897 658 944 tum
708 893 884 953 esset,
939 885 1173 958 denique
1225 887 1493 941 credebat
1547 885 1613 941 ab
1665 885 2069 959 glossatoribus
2124 887 2301 944 addita
2361 904 2480 943 esse
2535 905 2659 944 cum
2712 885 2827 948 alii,

543 997 657 1045 tum
701 987 968 1056 Linkerus
1005 985 1234 1042 censuit,
1320 983 1410 1042 Ac
1445 987 1510 1042 de
1554 995 1700 1043 esset
1737 987 1953 1062 quidem
1998 1007 2149 1063 supr.
2194 1008 2247 1064 p.
2294 995 2365 1049 48
2405 988 2542 1051 dixi,
2588 989 2654 1043 de
2696 987 2832 1043 reli-

539 1091 657 1147 cuis
700 1090 787 1145 hic
828 1105 1000 1160 agam.
1081 1087 1321 1144 Primum
1369 1088 1541 1160 igitur
1584 1089 1640 1143 in
1694 1089 1848 1145 libris
1902 1092 2305 1147 vetustissumis
2362 1097 2527 1164 atque
2581 1088 2830 1163 optumis

540 1191 676 1247 nihil
729 1207 958 1264 prorsus
1013 1198 1127 1251 est,
1188 1189 1334 1263 quod
1405 1189 1575 1245 ullum
1632 1207 1823 1246 eorum
1888 1191 2177 1247 verborum
2244 1199 2559 1266 suspectum
2612 1190 2829 1245 reddat.

539 1294 735 1348 Deinde
780 1290 1070 1347 Sallustius
1106 1291 1158 1345 h.
1201 1289 1236 1344 l.
1282 1307 1393 1346 non
1435 1293 1567 1365 quid
1610 1299 1947 1350 transactum
2000 1293 2071 1348 sit
2128 1292 2382 1348 alacriter
2424 1300 2480 1348 et
2527 1289 2697 1348 vivide
2742 1307 2834 1346 re-

541 1398 665 1457 fert,
699 1401 783 1450 set
819 1393 948 1466 quid
979 1393 1046 1447 (13
1075 1391 1350 1448 Ciceronis
1382 1392 1573 1450 habitu
1614 1395 1776 1450 animi
1822 1395 1900 1450 inx
1920 1403 2067 1450 tanta
2098 1411 2158 1450 re
2187 1401 2513 1469 conpertum
2544 1393 2743 1448 babeat
2780 1387 2833 1466 ¹)

541 1497 782 1572 exponit.
865 1492 1020 1561 Quod
1063 1493 1157 1566 qui
1197 1493 1342 1555 facit,
1387 1493 1680 1569 tranquille
1720 1504 1775 1551 et
1806 1496 2097 1570 diligenter
2132 1495 2376 1568 cogitare
2406 1493 2831 1568 circumspicere

541 1597 877 1673 perpendere
919 1594 1097 1656 (lebet,
1141 1612 1318 1668 eoque
1363 1595 1536 1668 magis
1582 1597 1675 1652 ubi
1720 1598 1785 1653 (13
1829 1599 1945 1653 viro
1990 1597 2188 1670 agitur,
2234 1597 2314 1653 uti
2360 1596 2585 1670 egregio
2634 1595 2708 1650 ita
2756 1596 2828 1651 ab

541 1681 830 1774 permultis
875 1695 1152 1751 infestato·
1247 1695 1366 1763 Quo
1417 1697 1582 1753 animi
1634 1699 1822 1754 habitu
1878 1699 1971 1773 qui
2018 1699 2239 1761 scribit,
2296 1699 2343 1754 is
2400 1697 2543 1754 solet
2594 1697 2829 1770 copiose

543 1819 604 1857 ac
647 1799 902 1856 distincte
955 1798 1136 1852 omnia
1175 1797 1354 1853 dicere
1403 1815 1527 1854 cum
1570 1808 1765 1856 natura
1811 1801 1927 1875 ipsa
1969 1808 2231 1872 cogente,
2296 1809 2411 1856 tum
2470 1816 2535 1854 eo
2586 1799 2827 1854 consilio

539 1921 608 1959 ne
651 1903 886 1958 lectores
931 1899 986 1954 in
1027 1916 1270 1955 errorem
1316 1899 1658 1956 inducantur.
1745 1901 1921 1974 Igitur
1976 1919 2088 1958 non
2142 1901 2338 1958 mirum
2398 1900 2543 1975 quod
2592 1899 2719 1955 Sall.
2768 1900 2828 1956 in

539 2004 633 2061 tali
677 2021 738 2060 re
778 2002 917 2058 alius
957 2009 1056 2063 est,
1105 2019 1264 2075 quam
1299 2001 1353 2056 in
1397 2000 1537 2057 aliis.
1622 2001 1796 2058 Porro
1838 2021 1959 2059 cum
2004 2011 2159 2059 antea
2200 2021 2404 2061 curam
2448 2011 2504 2058 et
2546 2004 2827 2058 laetitiam

538 2107 830 2181 permixtas
881 2103 1051 2160 fuisse
1103 2102 1356 2167 dixisset,
1429 2120 1610 2158 nonne
1662 2104 2024 2179 perspicuitas
2064 2105 2420 2179 postulabat,
2478 2111 2541 2159 ut
2596 2121 2699 2177 qua
2763 2121 2827 2159 re

539 2209 725 2264 Cicero
770 2206 973 2267 laetus,
1031 2223 1138 2278 qua
1192 2223 1251 2260 re
1297 2205 1487 2261 anxius
1557 2205 1752 2260 suisset
1808 2205 2063 2262 distincte
2102 2207 2404 2268 (liceretur,
2461 2206 2514 2260 id
2560 2206 2706 2279 quod
2753 2225 2823 2262 eo

538 2311 716 2366 minus
745 2307 1093 2381 perspicuum
1119 2307 1365 2362 futurum
1395 2314 1528 2368 erat,
1575 2307 1721 2381 quod
1758 2307 2029 2364 chiasmus
2061 2309 2353 2372 admissus;
2396 2325 2503 2381 qua
2536 2324 2598 2362 re
2642 2308 2824 2364 verbis

537 2411 866 2468 laetabatur
907 2415 961 2463 et
1023 2410 1239 2462 anoeius
1292 2414 1422 2463 erat
1480 2425 1643 2481 aegre
1696 2425 2020 2466 careremus.
2115 2410 2187 2465 At
2240 2409 2476 2466 fortasse
2530 2408 2821 2484 participia

535 2513 867 2583 intelleyens
908 2517 963 2565 et
1005 2510 1273 2564 dubitans
1313 2509 1491 2564 omitti
1532 2519 1782 2584 potuere.
1867 2511 2004 2568 Illud
2049 2512 2093 2567 si
2140 2511 2381 2574 abesset,
2429 2527 2534 2584 qua
2576 2529 2635 2567 re
2672 2511 2825 2583 gavi-

539 2632 633 2670 sus
677 2619 823 2668 esset
875 2610 1293 2685 exprimeretur,
1347 2627 1457 2666 non
1514 2630 1625 2685 quo
1670 2613 1842 2685 magis
1887 2613 1991 2669 sibi
2036 2614 2399 2688 persuasisset
2445 2613 2547 2668 iam
2603 2613 2823 2688 pericu·

540 2716 651 2770 lum
691 2713 922 2770 civitatis
967 2729 1070 2787 pro
1112 2719 1323 2768 remoto
1361 2729 1422 2767 ac
1473 2721 1734 2787 superato
1778 2714 2083 2770 habendum
2128 2731 2274 2777 esse,
2331 2733 2397 2772 eo
2442 2714 2617 2786 magis
2662 2713 2821 2770 laeti-

537 2818 668 2874 tiam
705 2823 914 2871 auctam
956 2831 1105 2876 esse,
1153 2813 1205 2868 id
1247 2813 1390 2887 quod
1432 2831 1675 2870 maxume
1720 2816 1771 2872 11.
1816 2815 1851 2870 l.
1887 2816 2159 2872 idoneum.
2241 2815 2396 2884 Quod
2440 2817 2484 2873 si
2529 2816 2819 2878 retinetur,

538 2920 672 2975 adeo
717 2916 1083 2973 membrorum
1119 2915 1473 2989 aequabilitas
1513 2916 1794 2990 efflagitat,
1834 2936 1902 2973 ne
1946 2919 2215 2975 dubitans
2253 2927 2614 2980 removeatur,
2661 2935 2821 2990 prae-

537 3021 726 3077 sertim
770 3037 890 3075 cum
925 3019 1003 3075 sic
1047 3017 1400 3090 significetur,
1441 3023 1763 3074 recurrente
1809 3037 2023 3093 semper
2062 3019 2402 3075 dubitatione
2448 3020 2580 3093 quid
2612 3019 2817 3076 consili

533 3123 860 3197 capiundum
904 3129 1065 3183 essct,
1111 3101 1319 3175 anxiam
1363 3137 1550 3176 curam
1593 3129 1895 3177 revocatam
1942 3137 2080 3177 esse.
2164 3121 2451 3178 Postremo
2502 3120 2595 3176 ubi
2636 3121 2822 3176 laeta-

533 3227 705 3282 batur
762 3231 817 3280 et
873 3225 1090 3279 anoeius
1133 3229 1261 3278 erat
1315 3238 1427 3277 non
1472 3222 1850 3297 expelluntur,
1912 3223 1958 3278 si
2018 3223 2241 3279 tertium
2298 3221 2599 3279 membrum
2650 3222 2819 3278 verbo

536 3347 637 3384 suo
681 3333 924 3388 careret,
972 3325 1023 3380 id
1062 3341 1271 3380 summo
1323 3323 1452 3380 vitio
1497 3323 1757 3398 scriptori
1792 3325 2121 3382 vortundum
2166 3332 2329 3380 esset.
2418 3325 2500 3379 An
2546 3325 2821 3381 credebat

535 3429 780 3502 ineptum
831 3427 951 3482 est?
1032 3425 1150 3480 Non
1198 3426 1368 3497 magis
1425 3441 1587 3498 quam
1642 3424 1753 3480 Cat.
1794 3432 1889 3489 20,
1938 3435 1984 3486 1.
2036 3432 2130 3488 24,
2175 3433 2210 3486 4
2254 3425 2377 3498 (cfr.
2424 3431 2519 3488 27,
2572 3424 2638 3498 Ι).
2698 3423 2818 3498 lug.

537 3535 668 3591 107,
712 3535 764 3588 4.
851 3527 1108 3583 Profecto
1161 3525 1337 3582 omnis
1388 3525 1647 3599 periodus
1691 3533 1841 3582 tanta
1894 3535 2011 3583 arte
2066 3527 2335 3602 perfecta,
2386 3536 2448 3584 ut
2501 3519 2820 3584 admirabile

535 3631 813 3704 ingenium
859 3629 978 3684 eius
1022 3629 1318 3702 putandum
1365 3628 1451 3689 sit,
1501 3628 1595 3701 qui
1640 3627 1863 3685 Sallusti
1908 3630 2211 3685 orationem
2244 3630 2311 3685 ad
2354 3636 2559 3685 tantam
2597 3627 2821 3701 elegan-

537 3733 664 3790 tiam
707 3731 884 3788 verbis
940 3721 1232 3805 tam'aptis
1278 3728 1595 3804 subplendis
1640 3730 1977 3806 expoliverit.
2062 3730 2176 3799 Qua
2211 3730 2519 3792 re.veritus
2575 3745 2641 3785 ne
2682 3730 2821 3786 scri-

531 3835 710 3909 ptoris
753 3833 964 3890 laudem
1009 3833 1310 3888 minuerem
1351 3833 1541 3907 potius
1600 3849 1759 3906 quam
1802 3849 2083 3906 augerem,
2140 3831 2462 3907 praesertim
2521 3848 2643 3888 cum
2686 3830 2817 3887 libri

533 3939 696 3994 11131111
747 3936 936 4010 scripti
995 3953 1063 3992 ne
1109 3935 1406 3991 minumum
1457 3935 1750 4007 vestigium
1796 3935 2011 4007 quidem
2054 3933 2401 4006 glossematis
2442 3933 2817 3996 ostenderent,

603 4102 662 4167 l)
707 4103 830 4153 Non
876 4104 1058 4168 agitur
1101 4102 1156 4152 h.
1193 4101 1230 4151 l.
1270 4101 1336 4152 de
1375 4116 1470 4165 30,
1517 4116 1646 4150 1111111
1700 4101 1998 4170 etiamnum
2044 4105 2229 4152 teneo.
2288 4098 2413 4150 vid.
2453 4097 2585 4148 (1133.
2634 4114 2819 4148 meam

533 4193 682 4238 recte
729 4187 862 4238 Sall.
915 4189 1236 4238 Ciceronem
1283 4186 1424 4236 haec
1485 4201 1643 4252 repu-
1698 4202 1793 4252 quo
1830 4189 2038 4234 consilio
2088 4191 2195 4234 cet.
2244 4201 2297 4250 p.
2346 4183 2397 4233 9.
2446 4185 2647 4248 Hagen
2682 4183 2721 4233 l.
2764 4201 2816 4234 c.

531 4279 742 4323 tantem
783 4273 1010 4338 fecerit,
1058 4279 1144 4322 set
1180 4287 1320 4337 quae
1357 4271 1486 4319 olim
1517 4286 1644 4320 con·
1696 4287 1748 4335 p.
1787 4270 1887 4318 244
1922 4286 2002 4333 sq.

529 4357 617 4409 tra
674 4359 862 4408 Drum.
923 4357 972 4408 V
1024 4374 1076 4422 p.
1131 4355 1228 4405 491
1290 4356 1499 4417 monui,
1574 4370 1643 4404 ea
