3042 4917
809 296 819 305 ”
907 322 1513 367 σοΝΜΕΝΤΑΤιοΝυΜ
1562 323 1703 364 OAP.
1749 325 1789 363 1.
2463 304 2500 361 7

371 476 543 549 xvn).

369 580 632 654 conrupti
676 580 787 667 sint
825 572 885 652 1).

269 795 320 858 1)
357 794 685 845 Burnoufius
723 811 846 845 eum
883 794 1132 845 codicem
1169 810 1316 845 saec.

195 880 338 929 XIII
375 896 498 930 esse
536 880 852 942 contendit,
892 881 951 929 in
989 896 1161 945 eoque
1199 880 1321 945 Iug.

195 966 292 1027 44,
333 964 365 1013 5
403 982 566 1031 neque
590 966 938 1015 muniebantur
973 982 1038 1013 ea
1074 965 1144 1014 ad
1179 980 1320 1015 mar-

197 1052 387 1115 ginem
413 1050 624 1114 scripta
651 1066 772 1101 esse
797 1050 1065 1112 narravit,
1107 1050 1174 1099 de
1215 1065 1322 1115 qua

194 1151 252 1183 re
306 1134 662 1184 Hunzikerus
712 1136 906 1184 tacuit.
953 1161 1020 1169 ——
1067 1133 1322 1183 Ceterum

192 1220 432 1269 Parisiis
448 1224 671 1285 praeter
687 1219 858 1269 libros
884 1234 1062 1268 meum
1082 1220 1141 1267 in
1163 1234 1321 1268 usum

194 1305 452 1355 conlatos
497 1304 556 1353 hi
593 1304 825 1353 Sallusti
873 1304 1095 1353 codices
1134 1303 1318 1353 adser-

191 1395 426 1439 vantur:
467 1388 514 1438 1.
553 1388 707 1452 5749,
747 1390 970 1439 membr.
1011 1405 1159 1439 saec.
1187 1389 1316 1452 XII,

192 1476 383 1525 multis
407 1474 547 1525 locis
572 1474 961 1539 interpolatim,
998 1473 1318 1540 plerumque

192 1560 404 1610 formas
444 1560 786 1623 antiquiores
824 1558 1107 1607 exhibens.
1155 1584 1218 1593 ——
1265 1558 1314 1607 2.

191 1645 348 1707 5754,
388 1645 614 1694 membr.
644 1660 792 1693 saec.
823 1644 942 1692 XV.
981 1669 1047 1677 —
1083 1640 1132 1693 3.
1163 1642 1316 1706 5755,

191 1730 419 1779 membr.
460 1741 608 1779 saec.
655 1729 757 1777 XV
806 1726 922 1791 (sic
961 1728 1021 1776 in
1057 1728 1316 1792 catalogo

191 1820 328 1877 not.,
368 1820 429 1864 at
462 1813 815 1863 Hunzikerus
851 1828 1002 1861 saec.
1040 1812 1170 1863 XVI
1197 1829 1317 1862 esse

192 1898 446 1963 iudicat).
494 1926 560 1933 —-
607 1898 659 1947 4.
695 1895 861 1960 5756,
899 1898 1122 1947 membr.
1164 1914 1314 1947 saec.

189 1986 320 2048 XV,
381 1983 560 2033 nitide
614 1984 869 2047 scriptus.
930 2008 997 2017 --
1065 1981 1114 2031 5.
1162 1982 1316 2045 5757,

191 2070 443 2119 chartac.
485 2066 616 2133 (non
652 2067 900 2128 membr„
944 2067 1030 2116 uti
1065 2067 1123 2115 in
1161 2072 1314 2115 cata-

189 2155 318 2220 logo
344 2152 632 2217 scriptum)
659 2168 809 2203 saec.
836 2151 953 2200 XV.
990 2178 1055 2185 —
1081 2148 1128 2199 6.
1157 2150 1310 2214 5758,

191 2240 418 2288 membr.
459 2254 607 2287 saec.
647 2236 763 2286 XV.
827 2236 938 2285 Sub
977 2235 1141 2285 finem
1177 2237 1310 2285 scri-

191 2329 345 2389 ptum
383 2338 585 2372 nomen
623 2322 870 2385 Georgius
913 2322 977 2369 de
1013 2320 1204 2369 Iveert.
1245 2347 1313 2355 »-

191 2409 238 2457 7.
277 2406 434 2469 5759,
473 2408 695 2457 membr.
729 2382 881 2456 ¹saec.
919 2406 1042 2463 XV,
1081 2405 1310 2455 nonnul-

189 2493 258 2543 lis
296 2474 449 2542 foliis
487 2492 631 2541 malo
667 2491 858 2541 ordine
889 2488 1210 2539 conlocatiS.
1246 2516 1314 2525 —-

189 2576 236 2626 8.
277 2575 445 2639 5760,
492 2576 719 2625 membr.
757 2591 908 2625 saec.
947 2573 1065 2623 XV.
1132 2574 1216 2622 Ad
1252 2573 1310 2623 fi-

189 2679 314 2712 nem
361 2662 571 2711 haecce
623 2660 858 2725 scripta=
920 2660 1029 2709 Pro
1077 2659 1309 2708 Iohanne

189 2747 479 2796 Duboschet
522 2748 700 2795 iuriam
737 2747 948 2795 doctore
991 2740 1310 2808 prothonorio

187 2838 358 2896 aptico
396 2848 459 2881 ac
493 2831 768 2879 beatissimi
809 2832 1028 2893 taqualis
1062 2830 1309 2879 Lavallen

188 2919 403 2967 decano.
463 2915 702 2979 Explicit
737 2915 913 2965 bellum
937 2914 1304 2977 Iugurthinum.

186 3002 493 3052 Duboseloeet.
533 3001 646 3051 Non
671 3005 881 3049 miretur
905 3000 1100 3064 aliquiS,
1137 3002 1186 3047 si
1218 3000 1308 3048 ali-

187 3103 287 3153 qua
332 3085 582 3136 vocabula
623 3088 674 3134 in
719 3084 812 3135 hoc
857 3084 986 3133 libro
1025 3086 1173 3147 prius
1209 3098 1308 3133 non

185 3188 276 3221 usu
311 3172 556 3221 moderno
601 3171 801 3233 scripta
843 3174 974 3219 sunt.
1049 3169 1178 3217 Nam
1213 3169 1307 3218 Izoc

124 3235 132 3244 ’
180 3259 282 3319 suit
313 3260 494 3320 qratia
526 3258 839 3319 exemplaris
875 3253 1000 3303 bene
1039 3256 1236 3319 antiqui
1257 3260 1309 3303 et

182 3347 442 3391 veraciter
473 3344 672 3404 scripti,
712 3341 777 3389 de
814 3354 911 3405 quo
947 3340 1145 3389 omissis
1182 3340 1306 3387 dun-

183 3432 338 3476 taoeat
363 3426 623 3488 diptonyis
657 3426 824 3475 omnia
866 3430 922 3472 ut
960 3423 1194 3473 iacebant
1227 3422 1307 3473 llic

184 3515 420 3575 apposui,
455 3508 598 3559 verbi
617 3511 794 3573 qratia
817 3509 974 3558 omnis
995 3523 1094 3572 pro
1121 3523 1304 3557 omne&

178 3598 298 3658 finis
340 3610 442 3659 pro
473 3596 622 3657 fines.
671 3594 944 3661 advorsum
979 3609 1078 3657 pro
1127 3594 1306 3641 adver—

181 3696 314 3739 sum,
365 3684 417 3728 et
461 3681 535 3728 sic
571 3680 635 3727 de
671 3680 786 3728 aliis
819 3681 1002 3727 multis.
1073 3677 1306 3725 Tracta-

181 3766 293 3827 tui,
345 3764 441 3829 qui
485 3762 805 3812 Sallustium
855 3763 1094 3826 excipit,
1149 3762 1306 3811 beati

182 3848 457 3899 Bernardi
504 3847 726 3896 abbatis
772 3846 1190 3896 Clarivallensis
1238 3846 1305 3895 de

185 3934 632 3984 consideratione
660 3932 731 3983 ad
755 3932 1064 3997 Eugenium
1082 3945 1304 3995 papam,

184 4020 554 4084 subscriptum
599 4024 683 4068 est
726 4021 778 4067 in
825 4033 956 4067 anno
1005 4018 1196 4067 domini
1224 4018 1306 4066 M0

184 4104 302 4153 C⁰L
323 4104 514 4165 1111t0,
560 4102 778 4153 scilicet
815 4118 880 4152 eo
919 4117 1061 4151 anno
1098 4106 1304 4151 tracta-

183 4192 270 4238 tus
316 4187 416 4237 ille
479 4187 549 4237 ab
597 4186 726 4237 Seto
772 4185 1056 4237 Bernardo
1116 4187 1302 4237 confe-

187 4280 306 4323 ctus
334 4277 440 4323 est.
487 4298 555 4307 -—-
587 4271 640 4322 9.
678 4270 840 4335 5761,
878 4272 1102 4322 membr.
1151 4287 1301 4321 saec.

185 4360 301 4421 XV,
338 4358 486 4408 liber
508 4356 672 4407 valde
709 4362 1006 4423 conruptus
1041 4372 1147 4407 nec
1172 4374 1302 4409 vero

631 478 964 535 Documento
1020 485 1132 540 est,
1197 484 1401 550 quanto
1459 495 1627 552 opere
1692 481 2029 534 recentiores
2084 476 2212 533 libri
2274 476 2498 533 Sallust1

1372 796 1757 860 interpolatus..
1786 794 2005 845 Subscr.
2030 797 2089 846 G.
2114 797 2391 845 Guilermus
2412 811 2494 845 vo-

1372 887 1521 930 catur
1542 887 1627 946 qui
1642 884 1869 947 scripsit.
1896 908 1960 917 -—-
1989 879 2069 929 10.
2090 879 2245 943 5762,
2266 881 2491 934 membr.

1375 982 1522 1016 saec.
1548 966 1667 1030 XV,
1704 966 1881 1016 nitide
1917 967 2153 1031 scriptus
2192 981 2313 1015 eum
2349 966 2493 1030 glos-

1375 1052 1451 1101 sis
1467 1052 1904 1116 francogalliciS.
1920 1079 1986 1086 —
2010 1051 2087 1105 11.
2100 1049 2255 1113 6086,
2269 1051 2493 1103 membr.

1375 1152 1521 1185 saec.
1545 1136 1643 1185 XI.
1666 1136 1891 1186 Desinit
1904 1138 2024 1202 Iug.
2045 1134 2207 1198 108,2
2231 1137 2288 1184 in
2308 1136 2493 1185 verbis

1371 1227 1567 1285 tempus
1614 1224 1725 1285 ipse
1774 1223 2038 1285 deligeret.
2086 1224 2313 1271 consulto
2363 1220 2491 1285 (sic)

1371 1320 1502 1355 sese.
1578 1304 1712 1354 Cum
1742 1304 1971 1355 secundi
1996 1305 2217 1369 generis
2254 1306 2314 1354 in
2349 1306 2492 1354 anti-

1373 1391 1665 1455 quissumis
1701 1391 1803 1453 sit,
1862 1390 1999 1439 illud
2034 1406 2144 1441 non
2190 1391 2491 1455 neglegen-

1372 1475 1516 1537 dum,
1558 1475 1701 1541 quod
1724 1475 2076 1525 Hunzikerus
2100 1477 2329 1539 monuit,
2368 1491 2491 1525 eum

1372 1561 1429 1610 in
1475 1559 1587 1609 illis
1635 1560 1850 1622 verbis,
1901 1576 2043 1625 quae
2090 1563 2149 1611 in
2183 1562 2356 1625 primo
2395 1577 2488 1625 ge-

1371 1661 1502 1695 nere
1524 1646 1727 1709 omissa
1752 1649 1897 1710 sunt,
1924 1662 2036 1695 non
2054 1646 2281 1695 multum
2309 1647 2378 1695 ab
2404 1662 2489 1695 re-

1371 1730 1535 1780 licuis
1574 1730 1879 1784 discedere.
1950 1730 2071 1795 Iug,
2114 1729 2228 1792 104,
2271 1730 2297 1779 1
2338 1730 2488 1780 exhi-

1369 1815 1465 1864 bet
1499 1814 1690 1865 Sullam
1726 1816 1789 1864 ab
1826 1821 1945 1865 tuca
1978 1820 2151 1865 venire
2185 1816 2334 1874 iubet,
2374 1819 2490 1864 item

1368 1904 1401 1949 l.
1440 1900 1700 1950 bellienum
1732 1907 2029 1965 praetorem
2062 1907 2165 1949 tam
2177 1908 2489 1964 praeterea,-

1370 1986 1444 2035 ib.
1491 1982 1524 2035 3
1568 1992 1763 2035 octavio
1818 1988 2016 2050 pisone.
2078 2012 2143 2019 —
2205 1984 2283 2033 12.
2332 1984 2486 2047 6087,

1368 2071 1593 2120 membr.
1644 2086 1793 2120 saec.
1842 2071 1981 2132 XII,
2036 2070 2179 2119 male
2227 2070 2485 2134 scriptae,

1366 2160 1695 2209 nec'tamen
1732 2155 1851 2204 sine
1889 2155 2085 2219 pretio.
2147 2155 2267 2219 Iug.
2311 2153 2427 2217 104,
2458 2154 2484 2203 l

1365 2244 1488 2303 post
1538 2246 1836 2304 praetorem
1888 2256 1991 2289 om.
2046 2240 2210 2289 Utica.
2274 2266 2335 2273 —
2402 2238 2480 2289 13.

1363 2322 1518 2388 6089,
1557 2324 1781 2373 membr.
1820 2340 1967 2373 saec.
1995 2324 2151 2386 XIII,
2191 2324 2389 2388 incipit
2414 2324 2483 2373 ab

1368 2408 1490 2458 Cat.
1540 2410 1633 2472 42,
1672 2409 1705 2457 2
1754 2409 1971 2459 Catilina
2016 2416 2179 2459 autem
2224 2412 2499 2459 dimiserat}

1364 2498 1661 2543 inconsulte:
1714 2520 1778 2528 ———
1836 2493 1915 2543 14.
1963 2492 2125 2557 6090,
2172 2496 2399 2544 membr.
2436 2511 2483 2545 s.

1364 2578 1482 2627 XV.
1521 2578 1606 2627 Ad
1632 2596 1737 2643 mg.
1766 2594 1959 2630 manus
1990 2596 2138 2629 saec.
2166 2580 2323 2629 XVII
2350 2596 2482 2630 non-

1362 2664 1545 2713 nullas
1582 2665 1888 2729 scripturae
1927 2664 2281 2714 diversitates
2317 2664 2485 2714 adno—

1361 2749 1520 2797 tavit.
1560 2775 1626 2783 —
1676 2748 1755 2799 15.
1794 2748 1955 2811 6091,
1994 2750 2217 2799 membr.
2260 2764 2310 2798 a.
2354 2749 2484 2799 1434

1361 2834 1617 2897 scriptus.
1640 2860 1706 2867 -—
1740 2832 1816 2883 16.
1840 2833 1993 2897 6012,
2020 2835 2242 2883 membr.
2272 2850 2320 2883 a.
2353 2833 2483 2883 1452

1363 2921 1417 2965 et
1453 2915 1520 2967 53
1556 2918 1811 2981 scriptus.
1848 2945 1914 2953 —-
1956 2918 2034 2967 17.
2074 2917 2226 2981 6093,
2254 2919 2477 2968 membr.

1360 3018 1463 3051 scr.
1506 3018 1555 3051 a.
1600 3000 1747 3051 1496.
1810 3003 2126 3052 Praemissa
2174 3008 2257 3053 est
2292 3004 2479 3053 brevis

1359 3088 1476 3136 vita
1522 3086 1780 3149 Sallusti,
1842 3088 1901 3135 in
1936 3102 2065 3155 „qua
2116 3088 2478 3151 perscriptum

1361 3176 1445 3221 est
1481 3172 1704 3220 Leneum
1738 3172 1970 3235 Pompeii
2008 3170 2237 3219 libertum
2286 3172 2478 3221 advor-

1361 3272 1452 3305 sus
1500 3256 1851 3318 Sallustium,
1904 3258 1990 3320 qai
2032 3271 2203 3305 manes
2250 3256 2483 3321 Pompeii

1359 3344 1637 3398 laceravit,
1678 3342 1971 3405 scripsisse
2012 3355 2242 3407 eumque
2279 3342 2478 3392 nebulo—

1361 3443 1494 3487 nem,
1537 3430 1813 3486 lucronem,
1850 3428 2196 3491 popinionem‚
2236 3432 2479 3477 laetarum

1360 3509 1527 3576 (quod
1546 3513 1875 3562 vocabulum
1894 3512 2205 3578 explicatur
2227 3512 2369 3563 homo
2394 3530 2478 3563 va-

1358 3598 1458 3645 lide
1484 3596 1729 3660 libidinis)
1758 3597 2087 3662 adpellasse.
2113 3624 2179 3632 -—
2220 3596 2297 3647 18.
2320 3596 2476 3662 6095,

1358 3680 1532 3730 chart.
1556 3697 1703 3731 saec.
1726 3682 1841 3733 XV.
1870 3708 1935 3717 —
1975 3680 2053 3733 19.
2076 3681 2226 3746 6097,
2250 3684 2474 3734 membr.

1357 3781 1505 3815 saec.
1535 3766 1651 3815 XV.
1692 3777 1756 3803 —-'-
1792 3766 1875 3816 20.
1902 3765 2055 3829 6098,
2084 3768 2257 3817 chart.
2286 3784 2329 3819 s.
2355 3769 2472 3818 XV.

1357 3850 1623 3899 Ultimum
1668 3851 1858 3902 folium
1909 3854 2207 3917 Iugurthae
2247 3852 2473 3916 excidit,

1356 3936 1438 3984 uti
1474 3936 1696 3985 desinat
1732 3938 1789 3985 in
1813 3938 1984 3986 verba
2013 3934 2127 4000 113,
2153 3935 2186 3987 6
2221 3955 2283 3987 ac
2304 3942 2477 3987 statim

1354 4022 1498 4083 siyno
1525 4022 1645 4070 dato
1672 4024 1889 4087 undique
1912 4025 2070 4071 simul.
2106 4048 2172 4056 —-
2204 4006 2290 4070 ⁶21.
2318 4020 2471 4086 6099,

1361 4104 1537 4153 chart.
1587 4121 1629 4153 S.
1669 4106 1785 4155 XV.
1838 4104 1922 4154 Ad
1968 4106 2131 4155 finem
2172 4105 2293 4155 Cat.
2332 4106 2473 4157 haec

1361 4188 1644 4253 leguntur:
1700 4190 1867 4238 metha
1909 4190 2028 4239 libri
2048 4195 2222 4254 oprimi
2263 4190 2478 4241 Salustii

1357 4276 1589 4325 cernitur
1621 4274 1717 4323 hic.
1759 4274 2082 4325 Catilinarius
2115 4276 2194 4324 hic
2220 4277 2354 4338 sinit.
2392 4276 2479 4325 abi

1357 4360 1527 4422 crispe
1561 4362 1756 4409 salusti.
1794 4384 1859 4394 —-
1901 4359 1985 4409 22.
2022 4358 2173 4423 6100,
2214 4359 2389 4411 chart.
2428 4376 2471 4411 s.
