3042 4917
492 225 575 292 94
1170 244 1779 295 eonmnu‘rmmm
1823 247 1966 295 car.
2014 247 2103 296 tv.

492 403 690 460 Cirtam
725 403 949 479 petisse,
986 403 1257 480 'oppidum
1294 404 1620 464 firmissume
1663 407 1949 464 munitum.
2021 407 2200 482 Atque
2243 405 2384 464 idem
2423 415 2619 482 postea
2653 415 2763 472 103.

490 515 522 566 1
566 515 751 563 narrat
803 514 919 562 tum
972 507 1267 564 exercitum
1318 508 1373 563 in
1418 507 1786 564 hibernaculis
1847 509 2194 583 conpositum
2237 527 2384 573 esse,
2441 511 2532 585 qui
2578 519 2695 573 100,
2736 519 2762 570 1

488 608 715 664 Marium
754 608 811 663 iu
856 608 1071 682 oppidis
1114 609 1416 666 maritumis
1471 609 1697 666 hiberna
1758 627 1922 684 agere
1963 611 2267 668 decrevisse
2317 612 2551 668 tradidit.
2634 613 2764 668 Num

490 710 664 783 igitur
712 709 857 765 Cirta
916 711 1173 784 oppidum
1232 711 1582 767 maritumum
1639 710 1777 767 fuit?
1874 712 2206 788 Quamquam
2263 713 2552 770 Sallustius
2607 731 2765 788 supra

490 818 587 875 21,
627 819 663 870 2
714 811 859 867 haul
912 813 1077 884 lonye
1134 830 1171 866 a
1226 799 1381 868 mari
1420 820 1614 884 ‘prope
1676 813 1890 870 Cirtam
1946 792 2216 887 oppidum
2275 815 2522 888 scripsit,
2591 823 2765 870 tamen

490 931 602 972 nou
645 931 853 976 vereor,
897 929 967 968 ne
1012 913 1135 987 quis
1178 930 1301 970 eum
1346 914 1439 987 qui
1480 913 1634 972 locus
1687 915 1756 971 ab
1801 917 1940 972 mari
1997 916 2352 990 quadraginta
2405 916 2625 972 milibus
2679 915 2766 971 ab·

490 1021 639 1073 esset
696 1013 925 1102 (Strabo
963 1021 1069 1076 832
1126 1014 1241 1070 CaS.
1283 1035 1337 1090 p.
1388 1023 1524 1076 1160
1573 1017 1730 1072 Mein.
1789 1010 1854 1072 ἐν
1893 1013 2210 1096 μεσογαίᾳ,
2263 1017 2451 1092 Pomp.
2495 1017 2616 1074 Mel.
2655 1017 2677 1072 1
2718 1023 2764 1077 6.

490 1117 557 1173 de
600 1117 651 1173 b.
695 1116 810 1172 Arr.
849 1123 944 1179 25,
988 1116 1099 1172 Liv.
1142 1117 1279 1172 XXX
1324 1123 1405 1176 12.
1476 1117 1583 1173 cfr.
1625 1118 1775 1175 Gless
1818 1118 1853 1173 1.
1899 1137 1945 1175 c.
1989 1136 2042 1194 p.
2089 1118 2210 1193 122)
2254 1120 2310 1174 in
2349 1119 2562 1195 oppidis
2609 1119 2766 1174 mari-

490 1219 655 1276 tumis
696 1219 949 1275 habuisse
988 1225 1197 1292 arguat.
1272 1217 1367 1274 Set
1405 1219 1557 1275 Utica
1599 1219 1656 1275 in
1700 1221 1975 1295 provincia
2019 1237 2239 1277 romana
2281 1221 2386 1277 sita
2428 1229 2562 1276 erat.
2633 1220 2766 1276 Num

490 1322 791 1378 inauditum
846 1329 935 1377 est
986 1320 1281 1377 exercitum
1334 1320 1391 1375 in
1447 1322 1726 1396 provincia
1779 1339 2042 1397 proxuma
2095 1330 2283 1397 pacata
2323 1323 2551 1378 hiemem
2597 1329 2768 1378 trans-

491 1423 704 1496 egisse?
788 1421 853 1478 Et
896 1438 1079 1478 nonne
1110 1422 1269 1484 Mari,
1311 1439 1434 1479 eum
1470 1423 1740 1480 exercitus
1778 1423 2107 1480 reficiundus
2139 1427 2195 1480 e}
2228 1424 2396 1480 multa
2435 1423 2581 1481 bello
2615 1423 2768 1480 utilia

490 1525 728 1599 paranda
774 1531 987 1586 essent,
1041 1521 1264 1597 plurimi
1322 1524 1607 1587 interfuit,
1667 1532 1729 1580 ut
1770 1525 1825 1581 in
1867 1523 2058 1582 vicinia
2095 1534 2290 1599 portus
2339 1525 2768 1600 oportunissumi

492 1634 549 1682 et
590 1625 1049 1700 frequentissumi·
1082 1632 1245 1681 esset.
1328 1625 1481 1693 Quod
1520 1627 1568 1683 si
1611 1628 1734 1701 quis
1778 1627 2003 1689 dixerit,
2064 1627 2157 1702 qui
2199 1646 2302 1703 pro
2345 1635 2600 1702 praetore
2643 1644 2769 1701 pro-

492 1728 721 1784 vinciam
766 1726 1055 1789 obtineret,
1100 1725 1281 1783 Uticae
1323 1727 1503 1783 sedem
1543 1727 1798 1785 habuisse
1847 1730 2032 1802 itaque
2076 1729 2144 1784 ab
2183 1729 2350 1786 Mario
2386 1730 2444 1785 L.
2474 1727 2767 1784 Bellienum

493 1830 559 1886 ad
599 1829 805 1885 Uticam
846 1834 1095 1885 vocatum
1138 1845 1259 1884 esse
1296 1829 1410 1884 veri
1440 1829 1704 1886 dissimile
1749 1847 1887 1894 esse,
1931 1847 2114 1887 nonne
2149 1831 2242 1905 qui
2278 1831 2586 1906 provinciae
2615 1847 2769 1904 prae-

492 1939 627 1996 erat,
676 1932 726 1988 ei
765 1937 1065 1988 conventus
1109 1930 1310 2004 agundi
1364 1930 1644 2006 multaque
1687 1932 1902 1988 itinera·
1925 1932 2174 1990 faciunda
2219 1941 2395 1996 erant,
2451 1940 2514 1988 ut
2567 1932 2768 1988 rectius

492 2052 615 2092 eum
654 2033 806 2091 nullo
851 2032 906 2088 in
950 2032 1151 2106 oppido
1192 2032 1375 2089 sedem
1419 2033 1575 2088 fixam
1617 2033 1871 2091 habuisse
1905 2034 2162 2090 contendi
2195 2035 2405 2108 possit?
2482 2035 2768 2091 Postremo

492 2139 571 2194 ad
611 2135 945 2211 praepositio
993 2151 1102 2209 quo
1148 2112 1309 2191 modo
1352 2134 1495 2190 dicta
1541 2136 1628 2199 sit,
1673 2153 1784 2192 non
1827 2143 1928 2199 est,
1976 2136 2122 2208 quod
2167 2153 2446 2210 exponam.
2517 2135 2766 2192 Ceterum

492 2239 638 2312 quod
682 2244 807 2293 ante
842 2237 1045 2308 leyatis
1086 2237 1141 2307 S.
1177 2241 1211 2293 2
1245 2235 1451 2310 legitur
1480 2238 1542 2293 in
1587 2239 1792 2309 quibus
1833 2237 1916 2293 vel
1959 2239 2018 2292 in
2063 2240 2193 2310 quis
2237 2245 2395 2311 turpe
2447 2237 2770 2293 dehonesta-

492 2347 729 2396 mentum
788 2337 1053 2393 orationis
1101 2355 1253 2401 esse,
1318 2346 1381 2394 ut
1431 2339 1758 2412 gaudeamus
1825 2339 1969 2412 quod
2027 2347 2140 2396 tres
2205 2339 2332 2396 libri
2399 2355 2466 2396 eo
2532 2345 2767 2400 careant,

494 2441 735 2516 quemvis
775 2438 1095 2512 intellegere
1139 2439 1393 2496 arbitror.

662 2539 777 2614 lug.
826 2549 941 2603 105,
987 2546 1021 2598 2
1051 2541 1310 2612 peditum
1352 2539 1624 2613 glossema
1667 2560 1788 2599 esse
1832 2550 1942 2598 tam
1987 2543 2349 2599 manufestum
2386 2551 2496 2605 est,
2543 2550 2607 2598 ut
2652 2543 2766 2598 iure

493 2643 709 2698 mireris
749 2641 817 2698 ab
857 2641 1143 2698 admodum
1187 2642 1373 2716 paucis
1418 2643 1648 2701 eiectum
1693 2662 1830 2702 esse.
1903 2644 2034 2700 Nam
2071 2661 2252 2700 nonne
2286 2645 2484 2701 cohors
2513 2643 2770 2716 Paeligna

492 2743 736 2818 peditum
781 2743 923 2800 fuit?
1006 2743 1100 2800 Set
1142 2743 1276 2800 illud
1316 2744 1540 2802 dubium
1583 2755 1694 2810 est,
1760 2753 1946 2802 utrum
1996 2763 2118 2803 cum
2167 2746 2402 2802 Linkero
2447 2751 2646 2818 atque,
2702 2763 2768 2801 an

491 2849 655 2914 item,
708 2861 941 2920 quorum
994 2844 1225 2912 alterum
1278 2855 1463 2904 utrum
1517 2847 1651 2903 ferri
1706 2848 1920 2921 nequit,
1979 2847 2280 2904 eiciundum
2334 2848 2422 2904 sit.
2510 2847 2593 2902 Ad
2655 2865 2769 2903 rem

491 2967 683 3024 parum
730 2948 975 3011 interest,
1021 2955 1107 3004 set
1146 2966 1251 3023 ego
1297 2950 1554 3024 quoniam
1591 2949 1645 3005 in
1688 2950 1975 3024 permultis
2012 2923 2168 3006 libris
2209 2952 2340 3006 item
2385 2949 2644 3006 omissum
2688 2956 2770 3005 est

492 3069 593 3108 nec
632 3052 827 3107 mirum
873 3051 919 3108 si
963 3050 1188 3115 librarii,
1225 3051 1604 3124 coniungenda
1659 3051 1918 3108 vocabula
1962 3051 2227 3116 arbitrati,
2271 3054 2422 3120 item,
2465 3051 2612 3127 quod
2658 3051 2770 3107 Sal·
2867 3081 2872 3085 -

491 3153 661 3210 lustio
703 3160 1025 3210 consuetum
1068 3170 1189 3209 esse
1236 3160 1520 3216 tenerent,
1567 3153 1900 3217 addiderint,
1942 3155 2190 3227 pressius
2233 3153 2500 3210 librorum
2542 3153 2770 3227 vestigia

400 3242 404 3245 ’
492 3262 713 3312 secutus
756 3254 887 3312 mihi
929 3255 1132 3311 videor.
1202 3255 1371 3312 Paulo
1414 3263 1545 3330 post
1581 3255 1743 3312 verba
1777 3257 1930 3327 quod
1971 3271 2040 3310 ea
2073 3258 2219 3314 levia
2247 3263 2397 3324 sunt,
2445 3271 2771 3329 quamquam

492 3355 707 3412 aliunde
760 3357 1041 3429 cognitum
1091 3373 1201 3413 non
1250 3357 1510 3414 habemus
1563 3358 1699 3414 levia
1749 3358 1919 3414 fuisse
1975 3357 2196 3415 illorum
2254 3357 2588 3432 populorum
2644 3357 2770 3419 tela,

386 3481 389 3484 ⁴
492 3474 670 3531 neque
726 3474 862 3532 quae
912 3456 1101 3514 multis
1156 3457 1381 3531 proeliis
1439 3475 1667 3518 evenere
1721 3459 1774 3515 id
1817 3459 2164 3523 confirmant,
2225 3467 2402 3518 tamen
2447 3459 2772 3514 removenda

492 3576 605 3616 non
648 3559 1005 3622 censuissem,
1058 3558 1163 3615 nisi
1222 3577 1358 3634 quae
1407 3561 1463 3617 in
1516 3561 1673 3618 libris
1726 3578 1888 3618 manu
1931 3563 2150 3636 scriptis
2205 3569 2332 3618 sunt
2373 3561 2772 3634 discrepantiae

491 3670 549 3722 et
590 3679 835 3718 maxume
882 3661 1027 3736 quod
1071 3663 1125 3717 in
1169 3656 1235 3736 p²
1268 3680 1337 3737 pr
1472 3682 1564 3720 um
1603 3671 1689 3722 est
1731 3680 1940 3734 causa,
1993 3663 2358 3738 suspicionem
2415 3679 2528 3719 non
2572 3661 2773 3718 movis-

492 3773 631 3830 sent,
678 3772 764 3822 set
806 3763 1233 3822 confirmassent.
1337 3663 1485 3826 ὓ
2365 3758 2374 3767 “

658 3869 773 3942 lug.
824 3875 939 3931 106,
984 3875 1019 3928 3
1067 3867 1333 3923 Linkerus
1379 3875 1602 3942 praeter
1655 3870 1930 3940 dicitque,
1986 3867 2052 3924 de
2093 3883 2202 3941 quo
2247 3883 2411 3940 supra
2448 3884 2503 3940 p.
2548 3871 2620 3926 63
2663 3865 2772 3922 dis-

491 3970 655 4035 serui,
702 3970 865 4026 etiam
900 3984 1126 4041 pavens
1169 3969 1322 4026 uncis
1366 3969 1604 4026 inclusit.
1697 3970 1846 4026 Libri
1898 3967 2100 4025 nullam
2143 3985 2387 4024 caussam
2414 3967 2770 4052 ,suspicionis

490 4072 783 4147 praebent;
822 4089 945 4128 nam
989 4071 1148 4128 nihili
1180 4079 1281 4134 est,
1330 4073 1475 4146 quod
1517 4071 1668 4128 solus
1697 4066 1776 4126 M2
1817 4074 2037 4128 incerto
2066 4086 2298 4142 pavens
2337 4071 2494 4126 vultu
2531 4069 2768 4125 exhibet.

489 4173 626 4232 Num
670 4175 842 4247 igitur
885 4174 1157 4230 sententia
1197 4181 1262 4229 ut
1304 4174 1532 4231 eiciatur
1559 4158 1838 4248 postulat?
1894 4173 2158 4230 Minume.
2229 4171 2361 4227 Nam
2393 4185 2618 4242 pavere
2649 4188 2770 4227 cum

489 4275 555 4331 de
586 4283 735 4332 metu
763 4282 918 4332 tanto
948 4276 1176 4339 dicatur,
1222 4276 1313 4350 qui
1353 4275 1619 4350 pallorem
1649 4283 1704 4332 et
1737 4283 2030 4332 tremorem
2063 4273 2263 4331 efficiat
2303 4271 2535 4347 (Doderl.
2569 4273 2699 4348 Syn.
2730 4272 2770 4326 11
