3042 4917
903 317 1519 366 connexa-Arionem
1567 317 1708 360 cAr.
1753 317 1812 360 v.
2388 281 2506 368 103

202 476 465 536 absolute
500 476 709 534 dictum
752 491 873 532 esse
910 482 973 533 ut
1010 483 1059 538 3,
1104 483 1131 536 1
1177 476 1278 547 qui
1312 461 1510 562 fecere
1553 482 1610 532 et
1654 474 1795 530 infra
1832 473 2039 546 faeere
2083 493 2255 548 quam
2297 481 2506 544 dicere,

202 581 455 654 adparet,
496 597 595 636 nec
639 578 817 634 minus
862 576 1096 634 alterum
1142 594 1211 634 ea
1255 579 1571 634 mutandum
1617 593 1736 633 esse
1783 578 1838 634 in
1879 594 2026 634 eam.
2097 579 2346 637 Ceterum
2389 599 2506 639 mo-

202 700 347 745 neo,
405 699 475 738 ne
528 682 650 755 quis
700 680 849 754 quod
891 673 1035 755 p3s¹l
1085 680 1239 754 prius
1292 695 1362 736 ea
1405 681 1691 742 omittunt,
1739 696 1868 736 eam
1919 674 2027 753 Fg‘6
2077 683 2360 746 exhibent,
2419 683 2504 740 his

202 784 368 840 libris
413 783 537 859 plus
579 782 703 839 fidei
748 800 911 856 quam
954 780 1177 839 relicuis
1234 779 1582 840 tribuendum
1625 790 1873 847 censeat;
1933 781 2134 840 etenim
2189 784 2504 844 coniectura

202 903 375 960 saepe
423 885 632 941 librarii
677 901 866 941 verum
910 885 1180 940 invenere.
1958 935 1967 941 ,

384 988 497 1044 Cat.
542 996 623 1049 10,
666 994 701 1045 2
733 985 983 1060 plerique
1026 985 1153 1040 libri
1198 984 1480 1041 exhibent:
1533 990 1634 1057 qui
1675 987 1904 1044 labores
1944 989 2242 1059 pericula,
2303 991 2506 1047 dubias

204 1095 387 1162 atque
432 1103 680 1161 asperas
723 1103 821 1144 res
859 1086 1041 1160 facile
1086 1089 1504 1156 toleraverant,
1563 1089 1646 1144 eis
1690 1091 1862 1146 otium
1908 1092 2164 1161 divitiae,
2217 1095 2506 1164 optandae

204 1194 361 1261 aliis,
404 1194 571 1250 oneri
600 1191 981 1261 miseriaeque
1007 1188 1199 1262 fuere.
1275 1189 1355 1246 Ibi
1387 1191 1624 1264 primum
1657 1192 2058 1249 restituendum
2096 1195 2202 1251 fuit
2230 1199 2503 1267 optanda,

202 1313 335 1352 eum
380 1295 446 1351 ad
490 1311 552 1350 ea
591 1298 941 1365 argumenta,
986 1308 1125 1366 quae
1159 1291 1396 1366 protulit
1432 1291 1728 1366 Sellingius
1774 1311 1930 1350 emm.
1983 1294 2109 1350 Sall.
2164 1316 2216 1372 p.
2269 1305 2360 1361 12,
2415 1300 2506 1355 ad-

204 1397 470 1454 cessisset
514 1394 719 1452 codicis
761 1393 802 1448 P
846 1392 1009 1457 fides;
1052 1392 1288 1451 alterum
1336 1395 1481 1468 quod
1527 1394 1668 1450 idem
1724 1413 1771 1450 v.
1817 1396 1868 1452 d.
1911 1395 2208 1471 postulavit
2248 1401 2504 1456 divitiae-

206 1515 343 1571 que,
391 1496 627 1572 probare
668 1512 779 1551 non
823 1495 997 1570 potui,
1044 1513 1168 1552 cum
1210 1494 1365 1552 loeus
1395 1501 1479 1557 36,
1511 1503 1546 1555 4
1577 1496 1814 1554 minume
1846 1498 1952 1555 hoc
1988 1499 2112 1556 loco
2153 1500 2294 1556 idem
2330 1520 2502 1575 genus

204 1598 616 1658 coniunctionis
660 1596 1019 1652 adhibendum
1066 1596 1235 1655 fuisse
1280 1597 1530 1656 evincere
1569 1599 1860 1657 videretur.
1940 1601 2073 1657 Tum
2120 1591 2315 1670 aliae,'
2359 1606 2504 1678 quod

208 1703 345 1759 olim
393 1700 635 1756 Kritzius
678 1698 986 1755 coniecerat
1030 1717 1093 1756 ac
1131 1716 1249 1756 sese
1290 1699 1650 1773 probaturum
1693 1701 1740 1758 si
1771 1702 2035 1776 seriptum
2069 1711 2218 1759 esset
2259 1705 2504 1764 inlibris

204 1806 351 1860 Wex
392 1819 580 1878 progr.
620 1800 833 1857 Suerini
878 1800 960 1856 ed.
1010 1808 1146 1862 1833
1182 1821 1235 1876 p.
1280 1808 1315 1861 9
1356 1801 1594 1865 dixerat,
1652 1821 1718 1858 ex
1767 1805 1921 1860 codd.
1980 1805 2020 1860 P
2077 1813 2133 1861 et
2171 1800 2257 1870 ΡΙ,
2306 1808 2502 1881 quibus

206 1907 309 1963 ade
344 1905 509 1961 debat
550 1902 607 1964 (8)
653 1921 723 1958 m.
768 1902 826 1965 11,
873 1903 1071 1976 recepi.
1162 1903 1495 1960 Sententiam
1532 1905 1604 1959 ita
1649 1904 1822 1961 multo
1867 1906 2132 1979 aptiorem
2179 1926 2300 1964 esse
2345 1909 2503 1966 facile

206 1924 457 2082 adlsset,
514 2022 635 2062 eum
685 2021 795 2060 non
832 2004 1058 2060 Romani
1114 2004 1180 2061 ab
1221 2004 1445 2062 relicuis
1504 2005 1826 2062 mortalibus
1879 2017 2229 2082 separentur,
2283 2019 2366 2067 set
2422 2012 2500 2068 eis

207 2126 435 2185 quoque
482 2107 654 2162 otium
684 2113 848 2180 atque
878 2105 1094 2183 divitiae
1127 2107 1361 2182 optanda
1389 2107 1560 2164 fuisse
1589 2108 1854 2170 dicantur,
1900 2107 1948 2164 si
1992 2109 2137 2166 serre
2167 2112 2502 2185 potuissent,

208 2211 245 2268 i.
295 2229 343 2267 e.
392 2211 559 2265 alias.
1731 2211 1738 2218 '

386 2311 499 2366 Cat.
549 2318 643 2372 11,
686 2315 723 2368 8
779 2327 898 2365 cum
956 2324 1027 2365 ne
1076 2309 1131 2364 in
1174 2310 1574 2366 vetustissumis
1629 2319 1686 2367 et
1740 2311 1978 2386 optumis
2035 2311 2190 2369 libris
2237 2315 2500 2389 scriptum

208 2414 303 2478 sit,
352 2422 410 2470 et
447 2430 583 2488 quae
616 2412 670 2468 in
716 2410 999 2467 nonnullis
1038 2410 1157 2467 aliis
1203 2412 1450 2468 inventae
1494 2401 1624 2470 sunt
1649 2413 1951 2488 scripturae
1981 2412 2236 2472 librarios
2273 2416 2357 2471 vel
2393 2437 2496 2492 pro
2579 2471 2590 2474 -

209 2534 279 2573 eo
331 2517 541 2571 nedum
597 2513 909 2589 ponendum
965 2513 1135 2568 fuisse
1194 2512 1277 2568 vel
1334 2529 1405 2570 ne
1460 2532 1562 2589 per
1625 2515 1733 2571 hoc
1801 2515 2172 2589 explicandum
2229 2521 2502 2591 putavisse

210 2617 535 2679 ostendant,
596 2614 869 2677 tollendus
925 2623 1010 2671 est
1063 2630 1247 2677 error,
1308 2615 1401 2689 qui
1444 2626 1760 2674 nostrorum
1810 2618 2286 2690 grammaticorum
2328 2620 2500 2701 libros

211 2728 271 2776 et
307 2718 480 2775 lexica
522 2717 821 2792 occupavit,
864 2718 1072 2773 nedum
1118 2716 1447 2774 testimoniis
1482 2720 1656 2792 magis
1701 2721 1969 2776 munitum
2007 2738 2158 2783 esse,
2203 2729 2258 2778 et
2295 2723 2384 2780 hic
2420 2724 2501 2780 lo-

210 2841 311 2879 cus
350 2819 625 2877 addendus
668 2817 929 2893 exemplis
973 2836 1073 2892 per
1116 2818 1263 2874 viros
1312 2819 1505 2876 doctos
1551 2821 1830 2885 conlectiS,
1866 2822 2041 2878 Plaut.
2075 2824 2343 2898 Amphitr.
2377 2833 2499 2886 330.

184 2911 320 2980 Cic.
372 2939 478 2979 acc.
518 2921 585 2977 IV
622 2928 717 2984 23,
759 2927 843 2980 52.
894 2921 960 2977 ad
999 2920 1124 2976 sam.
1168 2919 1235 2976 IX
1275 2928 1371 2984 26,
1417 2928 1466 2980 2.
1518 2923 1628 2978 Liv.
1672 2923 1737 2977 111
1783 2931 1878 2985 52,
1921 2931 1970 2984 9.
2061 2924 2156 2981 Set
2197 2927 2500 2984 coniuncti-

214 3043 315 3081 vus
373 3023 661 3098 inperfecti
720 3028 1113 3094 temperarem
1174 3040 1292 3078 mea
1344 3023 1560 3097 quidem
1617 3024 1897 3080 sententia·
1943 3026 2077 3081 ferri
2133 3045 2244 3083 non
2296 3037 2498 3102 potest.

212 3127 403 3201 Neque
448 3125 591 3180 enim
631 3125 699 3180 de
736 3142 825 3187 re,
878 3141 1036 3199 quae·
1061 3141 1185 3181 eum
1228 3124 1399 3182 altera
1444 3125 1500 3181 in
1546 3125 1689 3183 idem
1737 3133 1951 3200 tempus
1997 3127 2276 3192 inciderit,
2323 3147 2501 3203 neque

211 3230 279 3284 de
326 3227 562 3302 repetita
604 3225 688 3282 vel
732 3226 946 3300 saepius
990 3227 1131 3282 facta
1174 3227 1399 3290 dicitur,
1440 3234 1527 3283 set
1561 3227 1629 3283 de
1668 3245 1735 3283 eo
1782 3228 1929 3302 quod
1963 3228 2030 3284 ab
2071 3228 2334 3286 militibus
2381 3229 2501 3288 Sul-

211 3329 388 3392 lanis,
444 3345 566 3386 cum
622 3328 677 3384 in
732 3329 858 3385 Asia
914 3329 1163 3385 omnibus
1216 3328 1459 3386 luxuriae
1514 3335 1570 3384 et
1623 3328 1880 3386 lubidinis
1939 3331 2231 3404 generibus
2290 3333 2500 3390 adsueti

215 3439 419 3494 essent,
466 3438 843 3507 perpetratum
881 3438 995 3495 est;
1038 3429 1177 3486 nihil
1226 3429 1372 3486 aliud
1417 3431 1524 3488 hoe
1570 3431 1814 3488 membro
1859 3433 2198 3497 continetur,
2245 3435 2349 3492 nisi
2393 3433 2500 3492 alio

212 3534 380 3591 modo
432 3549 774 3607 expressum,
830 3532 976 3606 quod
1032 3550 1196 3607 supra
1249 3533 1452 3590 dictum
1508 3543 1595 3590 est
1649 3534 1796 3590 nihil
1841 3537 2048 3591 relicui
2087 3538 2246 3592 vietis
2282 3536 2500 3609 fecere.

214 3637 384 3705 Quem
412 3634 478 3692 ad
503 3634 719 3690 modum
766 3651 901 3707 ergo
944 3635 991 3690 si
1031 3633 1121 3690 illa
1167 3635 1327 3691 verba
1364 3636 1481 3710 ipsa
1512 3643 1928 3711 repeterentur,-
1951 3653 2022 3692 ne
2065 3639 2150 3694 illi
2191 3640 2502 3710 quidquam

216 3741 378 3796 victis
422 3738 629 3793 relicui
661 3734 917 3807 fecerint
958 3737 1242 3793 (licendum
1288 3737 1457 3794 fuisse
1503 3754 1690 3794 omues
1737 3739 2064 3802 concedent,
2109 3739 2188 3795 sic
2231 3739 2503 3798 facillume

215 3840 520 3897 mutatione
589 3837 931 3894 scribendum
997 3839 1313 3896 existumavi
1378 3843 1774 3911 temperarint.
1869 3841 2118 3898 Ceterum
2185 3841 2278 3914 qui
2342 3858 2502 3915 quam

216 3925 377 4018 saep’e
422 3957 454 3998 e
500 3948 557 3998 et
592 3942 615 3995 i
650 3939 706 3995 in
761 3938 917 3996 libris
958 3941 1185 3997 confusa
1222 3942 1331 3998 sint
1375 3949 1582 4005 teneat,
1624 3959 1721 3999 nee
1761 3960 1920 4016 quam
1961 3940 2252 4014 diligentes
2293 3950 2502 4000 veteres

220 4045 516 4118 scriptores
558 4042 614 4096 in
654 4040 868 4116 legibus
909 4042 1129 4117 linguae
1181 4043 1530 4100 observandis
1588 4043 1819 4106 fuerint,
1881 4049 1978 4099 aut
2033 4059 2100 4098 ex
2152 4042 2502 4101 librariorum

225 4145 443 4202 levitate
484 4153 580 4200 aut
625 4161 691 4200 ex
732 4162 830 4200 sua
870 4143 1117 4201 lubidine
1158 4144 1588 4202 existumandum
1632 4151 1806 4218 putet,
1847 4143 2045 4198 merito
2091 4161 2177 4199 me
2215 4143 2327 4200 Cat.
2357 4150 2440 4207 34,
2474 4154 2503 4206 l

230 4247 543 4319 respondet
593 4262 715 4301 cum
758 4245 1087 4320 Nipperdeio
1137 4255 1193 4304 et
1244 4245 1480 4304 Linkero
1543 4245 1826 4321 scripsisse
1871 4244 2152 4309 iudicabit,
2199 4261 2298 4303 nec
2332 4245 2510 4304 minus

220 4347 330 4404 Cat.
373 4354 460 4412 41,
505 4356 537 4408 5
576 4339 885 4421 pra‘ecipit.
