3042 4917
921 271 1527 323 OONMENTA'MONUM
1571 273 1712 320 cAP.
1755 272 1816 321 v.
2411 250 2530 317 113

230 458 333 497 eos
382 435 505 501 dici,
566 436 657 511 qui
700 434 885 493 subito
932 434 989 490 in
1030 431 1241 492 vincula
1281 433 1684 508 conripiantur,
1733 432 1972 490 ostendit
2029 431 2220 488 Caecil.
2268 449 2352 506 ap.
2393 429 2528 487 Gell.

226 542 323 597 XV
369 547 418 602 9,
472 547 493 596 ι
545 536 650 611 (80
692 537 773 593 ed.
817 536 1010 609 Ribh.)
1055 554 1189 592 nam
1242 537 1319 591 hi.
1345 543 1479 592 sunt
1533 537 1748 592 inimici
1783 537 2045 608 pessumi
2081 534 2280 613 fronte
2315 533 2526 595 hilaro,

228 644 413 699 corde
444 643 625 708 tristi,
685 638 838 706 Quos
893 653 1077 710 neque
1123 647 1185 694 ut
1230 640 1566 708 adprendas
1618 653 1802 710 neque
1847 641 1932 694 uti
1977 638 2230 693 dimittas
2273 637 2426 691 scias
2473 642 2529 690 et

228 744 434 818 Apion.
478 760 563 816 ap.
613 741 771 797 eund.
810 739 944 796 G'ell.
981 740 1020 794 V
1066 747 1151 810 14,
1190 746 1259 800 26
1288 758 1325 796 a
1360 741 1626 796 militibus
1658 741 1812 795 visus
1844 740 2353 812 adprehensusque
2381 753 2527 793 sum.

236 877 315 886 —
366 843 535 902 Paulo
586 850 717 919 post
761 848 827 905 27
881 847 1209 912 convertat,
1260 841 1405 915 quod
1464 841 1532 896 ab
1589 841 1745 898 libris
1799 858 2044 898 maxume
2095 840 2364 898 munitum
2401 847 2525 902 cst,

232 956 421 1004 tamen
464 946 520 1000 in
565 948 857 1002 convertet
902 943 1221 1000 mutandum
1264 943 1477 1005 censui,
1546 961 1658 999 non
1696 961 1806 1017 quo
1849 951 1980 1017 post
2019 959 2091 999 ne
2136 942 2525 998 adfirmativum

231 1049 647 1106 coniunctivum
686 1045 820 1120 poni
858 1063 1039 1119 posse,
1066 1061 1351 1120 negarem.
1409 1045 1505 1119 qui
1561 1045 1680 1119 ipse
1737 1045 1974 1119 scriptus
2017 1053 2102 1102 est
2144 1045 2256 1119 lug.
2307 1051 2400 1108 14,
2439 1051 2524 1108 21.

232 1159 324 1207 set
372 1151 497 1224 quia
534 1148 713 1222 gravis
758 1146 1060 1203 adfirmatio
1098 1165 1211 1204 non
1255 1146 1431 1202 solum
1471 1146 1632 1202 huius
1677 1147 1782 1204 loci
1826 1156 2070 1210 naturae,
2115 1155 2199 1204 set
2239 1147 2403 1202 etiam
2433 1146 2528 1202 Ca-

232 1252 390 1308 tonis
434 1250 653 1324 ingenio
697 1249 879 1326 aptior
923 1249 1221 1306 videbatur.
1286 1279 1359 1289 —
1424 1248 1562 1304 Tum
1600 1255 1694 1312 32,
1746 1249 1842 1306 ubi
1883 1266 1952 1306 ne
1995 1249 2262 1306 Linkerus
2309 1248 2526 1322 quidem

232 1354 499 1410 Vaticano
554 1352 848 1426 quidquam
900 1351 1245 1406 tribuendum
1292 1350 1666 1414 existumavit,
1721 1368 1825 1424 ego
1881 1368 2003 1408 cum
2053 1353 2121 1408 ad
2175 1351 2320 1409 illius
2367 1349 2528 1408 fidem

232 1455 332 1513 alii
374 1473 439 1510 ex
484 1454 885 1510 vetustissumis
928 1462 983 1508 et
1026 1452 1267 1527 optumis
1312 1451 1467 1507 libris
1512 1452 1863 1516 adcederent,
1917 1471 2019 1528 pro
2064 1461 2166 1510 aut
2209 1454 2529 1509 hominibus

233 1557 442 1632 scripsi
496 1558 551 1612 si
598 1558 720 1612 deis
778 1563 948 1628 atque
993 1554 1315 1610 hominibus
1353 1571 1628 1626 umquam
1679 1557 1812 1610 ullis
1853 1557 2136 1628 pepercit.
2225 1553 2340 1612 Etsi
2383 1555 2528 1612 enim

234 1677 353 1716 non
399 1658 719 1732 ignorabam
757 1658 813 1714 in
858 1657 1131 1714 sententia
1180 1657 1285 1712 vim
1322 1637 1635 1729 'negativam
1681 1674 1800 1713 esse
1821 1699 1834 1720 ,
1890 1665 2069 1714 tamen
2121 1674 2298 1731 neque
2357 1663 2528 1730 atque

236 1762 309 1818 ab
354 1760 623 1834 negativis
672 1759 1223 1833 sententiisprorsus
1268 1757 1546 1814 exclusum
1591 1766 1704 1821 est,
1761 1766 1818 1814 et
1870 1766 2018 1816 recte
2059 1760 2146 1816 dei
2187 1777 2308 1816 cum
2353 1759 2528 1822 homi-

234 1864 405 1920 nibus
450 1863 507 1918 in
553 1879 721 1918 unum
764 1862 1205 1934 coniunguntur,
1274 1877 1383 1934 quo
1429 1861 1763 1935 exprimatur
1808 1860 2100 1918 Lentulum
2145 1879 2258 1919 non
2300 1862 2527 1918 veritum

236 1983 365 2022 esse
412 1982 475 2020 ea
516 1965 860 2026 conmittere,
907 1962 1105 2036 quibus
1145 1962 1232 2018 dei
1272 1962 1433 2018 simul
1467 1970 1524 2018 et
1559 1963 1805 2018 homines
1845 1962 2206 2019 laederentur.

368 2126 387 2149 ·
415 2067 582 2122 Dubia
626 2073 755 2122 sunt
802 2062 978 2126 verba,
1027 2081 1163 2137 quae
1210 2063 1501 2120 Sallustius
1539 2072 1625 2127 54,
1659 2074 1690 2124 5
1729 2072 2018 2139 postquam
2062 2066 2128 2121 de
2172 2065 2374 2121 Catone
2403 2081 2528 2122 esse

236 2170 424 2244 inquit
478 2186 649 2240 quam
713 2168 897 2224 videri
938 2167 1117 2221 bonus
1161 2167 1435 2235 malebat,
1492 2165 1715 2222 adiecit:
1769 2168 1852 2220 ita
1905 2183 2016 2238 quo
2073 2169 2260 2224 minus
2295 2170 2531 2239 petebat

232 2274 505 2346 yloriam,
550 2285 615 2325 eo
658 2272 817 2325 illum
861 2270 1044 2340 maqis
1084 2269 1447 2339 sequebatur.
1533 2269 1608 2324 Ac
1651 2269 1886 2342 primum
1931 2268 2146 2342 quidem
2177 2269 2225 2326 si
2261 2269 2528 2327 librorum

237 2373 543 2448 scripturas
590 2371 1008 2434 aestumaveris,
1064 2387 1369 2444 pronomen
1418 2377 1550 2444 post
1604 2373 1788 2442 maqis
1841 2371 2154 2445 ponendum
2205 2390 2326 2429 esse
2368 2373 2526 2429 facile

236 2475 526 2532 concedes.
620 2473 713 2529 Set
757 2472 1083 2547 quominus
1140 2473 1301 2527 illum
1358 2489 1545 2528 verum
1597 2482 1883 2547 putemus,
1946 2491 2070 2530 cum
2107 2472 2233 2530 libri
2290 2475 2525 2540 obstant,

237 2595 367 2634 nam
406 2575 616 2648 optumi
659 2577 817 2630 illum
863 2575 1280 2646 assequebatur
1322 2573 1604 2637 exhibent,
1659 2577 1805 2650 quod
1848 2594 1972 2633 cum
2015 2575 2150 2633 ferri
2194 2595 2306 2634 non
2347 2578 2528 2652 possit
2596 2610 2603 2617 ·

236 2679 391 2736 aliud
430 2677 683 2752 quiddam
728 2676 795 2732 ab
838 2675 890 2732 S.
922 2675 1187 2750 scriptum
1232 2675 1403 2731 fuisse
1448 2678 1704 2741 ostendit,
1745 2685 1858 2735 tum
1902 2679 2061 2742 ratio,
2101 2697 2223 2736 cum
2267 2679 2528 2754 quidquid

244 2779 543 2838 oblocutus
586 2787 673 2836 est
713 2778 939 2850 Selling.
988 2795 1089 2835 em.
1134 2795 1189 2851 p.
1236 2783 1321 2840 34,
1364 2776 1499 2834 illud
1543 2781 1655 2835 noti
1699 2780 2052 2838 ecferundum
2096 2799 2216 2838 esse
2261 2781 2382 2838 luce
2419 2780 2529 2838 cla-

240 2884 361 2939 rius
402 2882 491 2945 sit,
532 2882 790 2939 Catonem
833 2879 1064 2953 gloriam
1105 2887 1351 2936 secutum
1394 2897 1542 2944 esse,
1593 2881 1794 2956 quippe
1851 2901 1973 2939 cum
2009 2900 2122 2940 non
2163 2884 2291 2940 huic
2326 2885 2380 2941 id
2421 2883 2530 2940 soli

243 2985 536 3046 acciderit,
588 2992 673 3040 set
722 2984 920 3056 cuique
946 2980 1143 3058 simili.
1216 2975 1433 3038 'Contra
1476 2983 1700 3058 adparet
1737 2985 1981 3056 qloriam
2021 3002 2248 3041 numero
2295 2985 2530 3059 quodam

237 3087 533 3151 notandam
572 3103 720 3149 esse,
771 3101 907 3158 quae
968 3083 1209 3157 quamvis
1266 3091 1477 3158 spreta,
1535 3092 1713 3140 tamen
1757 3102 1880 3140 eum
1917 3094 2102 3142 secuta
2139 3087 2228 3143 sit.
2315 3087 2528 3144 Poterit

238 3207 379 3263 ergo
428 3189 663 3261 quodam
708 3186 869 3244 modo
908 3187 1066 3241 illam
1096 3187 1519 3257 adsequebatur
1561 3187 1795 3250 defendi,
1842 3194 1927 3242 set
1969 3195 2151 3243 tamen
2184 3189 2290 3245 hoc
2321 3189 2526 3246 rectius

240 3292 525 3347 diceretur
574 3291 642 3345 de
696 3307 761 3346 eo
819 3287 913 3362 qui
960 3287 1193 3360 gloriam
1236 3295 1477 3362 peteret,
1538 3305 1650 3344 non
1697 3289 1792 3362 qui
1837 3297 2228 3346 contemneret.
2308 3289 2423 3358 Qua
2467 3308 2528 3346 re

239 3409 413 3467 paene
466 3399 677 3448 certum
727 3390 943 3447 videtur
992 3389 1308 3446 Sallustium
1364 3389 1681 3464 scripsisse:
1740 3407 1806 3448 eo
1863 3395 2045 3466 maqis
2099 3395 2200 3448 illa
2252 3394 2527 3464 sequeba-

239 3502 353 3551 tur.
440 3493 523 3548 Ad
566 3493 712 3567 quod
756 3491 1183 3550 confirmandum
1226 3492 1372 3549 iuvat
1424 3492 1630 3549 similes
1683 3493 1914 3550 aliorum
1973 3494 2270 3552 sententias
2312 3513 2528 3552 conme-

238 3613 487 3653 morare:
544 3594 683 3650 Plin.
728 3595 823 3669 Ep.
868 3595 890 3648 1
927 3602 991 3657 8,
1047 3601 1113 3654 14
1151 3597 1314 3667 sequi
1359 3599 1508 3651 enim
1545 3597 1734 3669 qloria
1778 3615 1893 3654 non
1939 3589 2158 3671 adpeti'
2178 3598 2366 3667 debet,
2424 3613 2529 3653 nec

238 3701 289 3754 si
342 3713 487 3753 casu
540 3699 731 3769 aliquo
788 3714 903 3754 non
958 3703 1266 3769 sequatur,
1322 3697 1543 3754 idcirco
1585 3701 1740 3771 quod
1787 3703 2029 3772 qloriam
2081 3704 2292 3756 meruit
2342 3702 2531 3756 mimas

237 3799 551 3870 pulchrum
610 3806 711 3855 est.
800 3798 910 3854 Liv.
956 3798 1100 3861 1147
1141 3805 1275 3853 extr.
1321 3807 1524 3871 spreta
1577 3804 1636 3857 in
1698 3807 1951 3873 tempore
1999 3781 2187 3875 qloria
2238 3804 2528 3858 interdum

240 3902 587 3958 cumulatior
626 3902 811 3957 rediit.
901 3899 968 3954 IV
1012 3906 1095 3962 57,
1138 3907 1201 3961 6:
1253 3905 1581 3974 exemplum
1617 3902 1736 3975 fuit
1777 3905 2008 3976 colleqis
2049 3920 2110 3960 se
2145 3918 2387 3974 eumque
2441 3906 2528 3958 in-

246 4003 563 4069 tuentibus',
617 3995 789 4075 quam
837 4005 1032 4076 qratia
1076 4010 1246 4074 atque
1288 4003 1469 4060 honos
1510 4007 1888 4076 oportuniora
1941 4007 2228 4062 interdum
2271 4023 2385 4061 non
2428 4023 2528 4062 cu-

241 4105 528 4177 pientibus
570 4113 775 4161 essent.
864 4104 1000 4160 XXII
1045 4111 1136 4168 39,
1180 4114 1243 4166 19
1284 4107 1529 4179 qloriam
1569 4108 1670 4178 qui
1702 4109 2019 4177 spreverit,
2066 4124 2261 4163 veram
2306 4108 2531 4164 habebit

249 4207 472 4282 (quippe
514 4207 707 4280 gloria·
736 4216 820 4263 est
863 4225 1015 4269 vera,
1076 4225 1214 4280 quae
1260 4226 1357 4264 sua
1402 4216 1626 4283 sponte,
1671 4227 1784 4266 non
1828 4209 2068 4284 adpetita
2113 4210 2400 4284 sequitur).

415 4307 531 4376 Quo
591 4309 710 4366 iure
766 4327 888 4366 cum
938 4309 1173 4366 Linkero
1230 4318 1286 4366 et
1339 4308 1549 4367 Kritzio
1588 4311 1700 4368 Cat.
1742 4320 1838 4376 58,
1893 4319 1927 4373 9
1975 4302 2170 4370 contra
2218 4311 2391 4370 libros
2439 4314 2531 4368 sin

384 4423 659 4476 Sannum.
688 4441 777 4475 nn.
810 4426 1086 4475 Dm'rscn.
2074 4415 2113 4478 8
