3042 4917
944 282 1554 328 oonnnnrn‘rxonnm
1599 282 1741 327 cAr.
1785 284 1880 327 111.
2468 262 2550 327 35

377 437 661 495 Cornelius
703 454 871 511 eques
914 438 1187 495 Romanus
1232 432 1469 517 olperam
1504 457 1656 497 suam
1694 438 1974 514 p‘ollicitus
2026 447 2083 495 et
2123 456 2247 495 cum
2283 456 2358 509 ,60
2399 432 2410 519 Ι
2447 440 2552 497 Lu·

376 540 495 597 cius
553 539 917 613 Vargunteius
967 549 1192 597 senator
1249 534 1603 619 constiltuere
1665 558 1727 598 ea
1769 548 1932 598 nocte
1975 539 2160 616 paullo
2199 548 2328 615 post
2369 558 2492 599 cum
2539 535 2550 621 Ι

378 642 601 698 armatis
642 641 955 698 hominibus
1002 642 1163 699 sicuti
1208 642 1501 723 salutatum
1551 638 1561 722 Ι
1611 644 1842 709 introire
1897 644 1963 700 ad
2016 643 2328 700 Ciceronem
2384 659 2445 699 ac
2481 642 2551 699 de

380 736 697 822 improvilso
742 744 889 799 domi
933 761 1063 800 suae
1113 743 1437 819 imparatum
1488 745 1802 802 confodere.
1853 741 1864 825 Ι
1913 745 2106 801 Curius
2149 743 2243 800 ubi
2285 743 2550 818 intelligit

378 852 639 919 quantum
672 837 991 924 perilculum
1023 844 1235 904 consuli
1283 846 1609 923 impendeat,
1658 864 1893 922 propere
1938 864 2039 921 per
2077 838 2088 925 Ι
2125 844 2364 902 Fulviam
2403 846 2570 903 Cice·.

379 946 503 1002 roni
544 946 729 1003 dolum
774 946 867 1021 qui
905 942 1219 1025 parabaltur
1261 948 1526 1007 enuntiat.
1614 950 1693 1005 lta
1738 948 1816 1005 illi
1861 949 2022 1005 ianua
2055 946 2320 1023 prohibiti
2369 943 2382 1023 Ι
2433 956 2549 1004 tan-

1547 1044 1624 1085 101.
1665 1043 1721 1083 Vl
1749 1056 1794 1097 p.
1825 1046 1866 1085 1.

376 1123 491 1173 tum
532 1115 740 1172 facinus
785 1115 991 1174 frustra
1050 1126 1418 1192 susceperant.
1468 1109 1495 1196 ΙΙ
1548 1120 1778 1179 Postero
1837 1119 1925 1174 die
1967 1115 2342 1173 dissimulandi
2387 1134 2583 1174 causa.

374 1210 619 1299 Caltilina
663 1224 758 1274 aut
789 1216 873 1273 sui
918 1220 1271 1292 expurgandi,
1317 1220 1477 1277 sicuti
1524 1215 1720 1301 iurfgio
1760 1218 2044 1275 lacessitus
2086 1218 2250 1280 soret,
2297 1218 2355 1273 in
2394 1235 2548 1275 sena-

381 1328 494 1377 tum
531 1314 713 1400 veluit.
804 1319 939 1375 Tum
983 1318 1190 1385 Marcus
1228 1320 1437 1378 Tullius
1476 1321 1670 1378 consul
1710 1321 1820 1377 sive
1858 1314 1868 1399 Ι
1905 1320 2271 1394 praesentiam
2317 1319 2434 1375 eius
2481 1319 2565 1381 ti-,

380 1438 533 1477 mens
562 1421 672 1476 sive
714 1420 793 1475 ira
826 1415 1149 1499 comfmotus
1188 1422 1490 1479 orationem
1527 1422 1717 1479 habuit
1746 1420 2075 1478 luculentam
2115 1414 2124 1497 Ι
2163 1419 2550 1495 3111116Ιοῑί16111

377 1523 457 1578 rei
513 1521 779 1597 publicae,
839 1539 999 1595 quam
1043 1516 1253 1600 postlea
1304 1526 1562 1599 scriptam
1606 1524 1790 1581 edidit.
1888 1522 1993 1578 Sed
2037 1522 2132 1578 ubi
2175 1521 2268 1578 ille
2309 1515 2545 1601 11336Ιεί11,

376 1622 603 1679 Catilina
649 1632 711 1679 ut
743 1631 859 1679 erat
900 1633 1123 1698 paratus
1154 1625 1218 1680 ad
1249 1620 1652 1701 disfsimulanda
1691 1626 1885 1689 omnia,
1923 1624 2160 1681 demisso
2191 1623 2341 1681 vultu
2372 1641 2500 1681 voce
2535 1617 2546 1703 Ι

376 1724 610 1800 supplici
652 1725 933 1799 postulare
978 1744 1008 1781 a
1050 1725 1298 1800 patribus
1340 1728 1549 1801 coepit,
1601 1718 1613 1805 Ι
1665 1745 1730 1782 116
1773 1727 1902 1801 quid
1943 1726 2010 1781 de
2069 1743 2127 1782 se
2171 1733 2378 1782 temere
2430 1744 2547 1782 cre-

2228 1832 2272 1873 p.
2303 1823 2330 1861 2

372 1896 591 1950 derent:
650 1910 713 1949 ea
753 1886 977 1971 13Ι1111113
1017 1902 1227 1957 ortum,
1286 1894 1360 1950 ita
1415 1894 1481 1951 ab
1536 1895 1900 1950 adolescentia
1949 1895 2111 1949 vitam
2151 1888 2177 1972 ΙΙ
2223 1896 2545 1957 instituisse,

374 1996 457 2052 uti
504 1996 681 2051 omnia
721 1996 863 2051 hona
908 1996 962 2049 in
1007 2013 1102 2069 spe
1144 1990 1153 2075 Ι
1191 1996 1447 2061 haberet;
1483 2014 1552 2052 ne
1594 1995 1967 2052 existimarent
1996 1994 2117 2058 sibi,
2161 1994 2410 2076 patriffcio
2447 1996 2546 2051 ho-

376 2096 537 2158 mini,
596 2097 749 2153 cuius
805 2096 979 2169 ipsius
1036 2104 1200 2171 atque
1242 2088 1529 2175 maiolrum
1577 2096 1812 2171 plurima
1863 2094 2121 2152 beneficia
2175 2096 2231 2151 in
2278 2096 2545 2170 populum

382 2191 697 2276 Rolmanum
743 2205 953 2259 essent,
1002 2200 1215 2271 perdita
1253 2198 1531 2273 republica
1576 2216 1714 2273 opus
1753 2190 1762 2274 Ι
1802 2214 1938 2259 6336,
1979 2214 2101 2252 011111
2145 2214 2260 2251 63111
2304 2204 2546 2253 servaret

379 2299 587 2354 Marcus
634 2292 886 2377 Τ111Ι11113,
937 2298 1234 2373 inquilinus
1279 2300 1409 2355 civis
1461 2299 1612 2355 urbis
1655 2300 1871 2355 Romae.
1947 2298 2029 2353 Ad
2067 2296 2076 2371 Ι
2115 2299 2220 2354 1106
2263 2298 2547 2355 maledicta

378 2400 483 2455 alia
518 2417 639 2455 cum
682 2400 929 2462 adderet,
981 2394 1317 2480 oblstrepere
1362 2418 1565 2463 omnes,
1615 2402 1828 2456 hostem
1870 2406 2032 2473 atque
2071 2392 2411 2477 parricildam
2453 2418 2546 2456 vo-

374 2518 514 2557 care.
588 2502 722 2557 Tum
755 2500 846 2555 ille
883 2500 1240 2557 furibundus:
1282 2497 1290 2579 Ι
1331 2502 1594 2571 Quoniam
1621 2503 1841 2576 quidem
1879 2502 2295 2563 circumventus,
2331 2495 2543 2580 inlquit,

373 2603 441 2658 ab
485 2603 713 2659 inimicis
749 2619 1009 2677 praeceps
1052 2622 1204 2677 agor,
1244 2597 1254 2681 Ι
1295 2604 1601 2660 incendium
1643 2622 1821 2660 meum
1862 2602 2019 2660 ruina
2064 2604 2416 2675 restinguam.

316 2840 320 2852 ἱ
432 2764 655 2821 Censuit
679 2764 848 2837 igitur
871 2782 992 2820 cum
1018 2764 1111 2820 sol.
1138 2765 1181 2818 V
1204 2782 1392 2821 errore
1420 2766 1654 2839 quodam
1686 2767 1829 2822 inter
1858 2765 1953 2822 fol.
1978 2765 1999 2820 Ι
2033 2772 2089 2821 61
2118 2764 2160 2819 11
2191 2765 2544 2821 intersertum

255 2874 424 2929 esset,
467 2866 845 2923 confusionem
881 2864 1027 2921 illam
1082 2884 1264 2922 rerum
1315 2884 1376 2924 36
1424 2874 1732 2941 temporum
1779 2875 1954 2923 ortam
2001 2885 2062 2924 ac
2105 2884 2206 2941 per
2247 2883 2434 2926 omnes
2480 2865 2546 2921 li-

257 2972 391 3027 bros
420 2985 583 3024 manu
623 2967 860 3040 scriptos
904 2977 1261 3043 propagatam
1306 2952 1442 3024 6336.
1532 2969 1626 3025 Cui
1668 2969 1970 3025 sententiae
2017 2968 2259 3043 quamvis
2300 2968 2544 3042 adstipu-

256 3071 360 3128 lari
398 3070 640 3144 cupiam,
697 3070 899 3143 quippe
950 3087 1071 3126 cum
1121 3071 1195 3125 ita
1241 3070 1504 3145 scriptor,
1565 3087 1724 3143 quem
1779 3086 1946 3126 unum
2001 3069 2240 3125 omnium
2299 3085 2543 3124 maxume

256 3172 446 3246 diligo,
480 3171 627 3246 gravi
675 3171 972 3245 obprobrio
1019 3171 1301 3234 liberetur,
1340 3179 1395 3227 et
1434 3172 1674 3245 quamvis
1710 3173 1999 3227 verendum
2031 3170 2119 3233 sit,
2166 3187 2234 3225 nc
2265 3168 2543 3225 nonnullis

258 3294 323 3332 eo
365 3273 609 3330 acumine
658 3290 829 3346 eaque
887 3273 1137 3329 libertate
1184 3274 1400 3346 ingeni,
1460 3291 1598 3347 quae
1639 3274 1885 3330 criticum
1933 3274 2186 3335 deceant,
2241 3288 2428 3327 carere
2473 3271 2546 3325 vi·

256 3378 403 3439 dear,
451 3383 630 3431 tamen
680 3392 819 3449 quae
862 3376 992 3431 mihi
1037 3376 1254 3432 obstare
1300 3375 1585 3432 videantur
1626 3392 1907 3451 exponam.

429 3478 497 3533 Ut
544 3478 714 3550 igitur
755 3477 824 3533 ab
863 3476 1139 3534 codicibus
1187 3479 1397 3540 ordiar,
1455 3478 1500 3533 si
1547 3478 1640 3533 illa
1679 3478 1950 3533 sententia
1992 3476 2278 3551 probetur,
2321 3492 2543 3532 necesse

258 3590 369 3644 est·,
431 3579 784 3653 archetypum
845 3596 909 3635 ex
956 3578 1189 3651 singulis
1244 3578 1391 3635 foliis
1440 3581 1790 3653 conpositum
1847 3579 2044 3641 ruisse,
2099 3595 2235 3652 quae
2289 3579 2433 3633 inter
2487 3594 2544 3632 se

256 3681 635 3755 conglutinata
682 3687 776 3736 aut
810 3680 915 3736 filis
958 3689 1185 3737 consuta
1230 3688 1430 3736 essent.
1512 3680 1642 3737 Nam
1693 3680 1851 3737 aliter
1895 3680 2011 3735 fieri
2056 3696 2167 3735 non
2209 3679 2424 3753 potuit,
2483 3685 2545 3733 ut

256 3801 425 3841 unum
473 3782 663 3838 folium
708 3781 846 3838 falso
894 3781 1017 3839 loco
1076 3782 1444 3843 insereretur,
1505 3782 1613 3838 nisi
1671 3783 1902 3838 alterum
1949 3781 2106 3836 simul
2153 3780 2332 3837 locum
2387 3795 2544 3834 suum

256 3890 619 3944 conmutaret.
716 3884 853 3939 Num
911 3884 1421 3941 vetustissumorum
1488 3884 1734 3940 codicum
1785 3890 2102 3939 constanter
2173 3899 2236 3937 63
2300 3879 2542 3936 conditio

258 3986 425 4043 fuerit
484 3992 547 4041 ut
597 3985 937 4048 discernant,
998 3986 1075 4041 eis
1121 3986 1411 4061 permitto,
1469 3986 1561 4059 qui
1611 3984 1826 4040 illarum
1870 4000 2054 4039 rerum
2111 4000 2193 4037 me
2251 3980 2544 4054 peritiores

259 4095 418 4152 sunt;
466 4086 597 4143 mibi
636 4086 853 4160 quidem
895 4088 1221 4161 praesertim
1249 4087 1305 4142 in
1340 4094 1448 4143 tam
1492 4086 1700 4141 minuta
1741 4085 1932 4146 forma,
1979 4081 2192 4156 qualem
2237 4080 2383 4137 illius
2419 4080 2546 4135 libri

260 4190 428 4245 fuisse
473 4189 821 4244 statuendum
865 4188 953 4251 sit,
1002 4188 1053 4243 id
1099 4189 1208 4243 veri
1253 4188 1428 4244 simile
1467 4205 1578 4243 non
1619 4187 1848 4242 videtur.

429 4290 629 4347 Deinde
686 4290 733 4345 si
776 4288 843 4345 ab
888 4290 1076 4347 eodem
1120 4290 1443 4363 archetypo,
1498 4288 1594 4363 qui
1649 4289 1704 4343 in
1756 4303 1946 4343 caussa
2002 4283 2164 4340 huius
2205 4282 2546 4341 confusionis

2053 4382 2144 4443 3*
