3042 4917
388 353 393 356 -
476 317 593 380 140
969 337 1054 380 nn
1103 337 1449 384 cArmmAn
1498 341 1986 389 covaArronn
2036 346 2093 389 e.
2123 337 2173 392 4.
2205 341 2254 394 5.

470 496 799 560 conterere,
846 509 1040 572 neque
1084 511 1225 552 vero
1270 511 1478 571 agrum
1514 495 1762 557 colendo
1806 503 1907 558 aut
1949 501 2235 570 venand0,
2282 501 2588 563 servilibus
2621 501 2756 563 offi-

468 594 589 662 ciiS,
634 594 923 653 intentum
962 599 1212 656 aetatem
1256 613 1465 673 agere,
1504 604 1595 659 set
1639 619 1671 659 a
1709 618 1826 679 quo
1861 588 2096 681 inc'epto
2137 603 2449 685 studioque
2494 623 2590 666 me
2627 625 2758 666 am·
2786 615 2822 664 2

465 693 608 754 bitio
673 694 825 756 mala
878 697 1237 768 detinuerat,
1306 699 1515 760 eodem
1569 719 1880 778 regressus
1933 707 2108 765 statui
2157 723 2256 766 res
2299 712 2493 782 gestas
2549 707 2760 787 populi

464 795 713 858 Romani
756 799 1034 878 carptim,
1094 805 1158 858 ut
1214 819 1483 880 quaeque
1529 807 1812 864 memoria
1857 805 2032 882 digna
2083 805 2452 877 videbantur,
2495 811 2759 888 perscri-

422 897 627 970 ⁵bere,
678 920 749 962 eo
794 901 999 976 magiS,
1042 903 1200 982 quod
1246 903 1387 963 mihi
1432 923 1465 964 a
1505 921 1629 984 spe,
1676 911 1855 978 metu,
1888 906 2156 987 partibus
2184 911 2272 970 rei
2310 909 2583 990 publicae
2627 913 2758 971 ani-

461 1019 593 1061 mus
636 1003 787 1066 liber
829 1008 971 1063 erat.

537 1175 539 1178 y
633 1107 819 1184 Igitur
860 1107 1252 1169 de.Catilinae
1296 1109 1718 1180 coniuratione,
1766 1127 1943 1189 quam
1972 1111 2297 1173 verissume
2327 1119 2555 1192 potero,
2603 1131 2756 1192 pau·
2786 1124 2822 1176 3

464 1211 547 1270 cis
595 1208 925 1278 absolvam
982 1229 1119 1272 nam
1166 1213 1220 1272 id
1269 1211 1495 1270 facinus
1537 1213 1596 1271 in
1628 1214 1834 1292 primis
1876 1229 1986 1288 ego
2030 1213 2414 1276 memorabile
2461 1217 2756 1276 existumo
2785 1225 2822 1272 4

462 1310 705 1372 sceleris
757 1319 931 1392 atque
969 1313 1219 1393 periculi
1265 1309 1540 1373 novitate.
1625 1313 1710 1374 De
1753 1315 1920 1375 cuius
1965 1305 2218 1376 hominis
2256 1317 2523 1378 moribus
2561 1336 2760 1397 pauca
2786 1323 2823 1374 5

395 1425 443 1468 10
462 1415 628 1493 prius
672 1415 1036 1495 explananda
1078 1422 1216 1476 sunt
1254 1432 1428 1495 quam
1473 1415 1700 1476 initium
1743 1417 2026 1478 narrandi
2070 1416 2297 1478 faciam.

633 1517 852 1578 Lucius
909 1516 1150 1578 Catilina
1207 1517 1389 1578 nobili
1446 1533 1667 1594 genere
1715 1524 1888 1578 natus
1931 1517 2068 1588 fuit,
2117 1537 2330 1596 magna
2373 1521 2428 1580 vi
2469 1526 2527 1581 et
2568 1522 2757 1582 animi
2805 1521 2846 1581 5

636 1721 684 1770 4.
730 1721 869 1771 Non.
918 1737 969 1786 p.
1018 1719 1120 1770 350
1176 1721 1403 1772 Strictim
1446 1748 1512 1756 —
1559 1721 1858 1772 Sallustius:
1913 1723 2179 1786 strictim,
2228 1728 2291 1773 ut
2341 1739 2590 1788 quaeque
2637 1741 2759 1776 me-

465 1789 641 1838 moria
678 1789 847 1854 digna
881 1789 1234 1850 videbantur,
1272 1789 1692 1854 perscriberem.
2251 1833 2310 1874 υ

634 1857 683 1906 5.
732 1858 888 1906 AruS.
927 1875 979 1922 p.
1008 1857 1108 1906 244
1142 1857 1305 1908 Liber
1340 1858 1402 1908 ab
1437 1857 1527 1907 illa
1550 1873 1626 1908 re.
1664 1855 1855 1908 Salust.
1887 1859 2034 1910 Catil.
2063 1874 2098 1908 a
2133 1874 2248 1925 spe,
2288 1864 2456 1924 metu,
2496 1861 2760 1926 partibus

464 1925 549 1974 rei
584 1926 843 1991 publicae
882 1925 1095 1975 animus
1129 1925 1277 1976 liber
1314 1930 1453 1976 erat.
1524 1969 1531 1972 .
2465 1958 2477 1963 -

635 1995 683 2045 7.
720 1995 989 2043 Victorin.
1030 1993 1099 2043 ad
1126 1993 1243 2044 Cic.
1285 1994 1351 2043 de
1390 1994 1500 2043 inv.
1539 1993 1568 2042 I
1591 2010 1644 2057 p.
1673 1991 1738 2042 56
1777 1994 1859 2043 ed.
1889 1994 2059 2044 Orell.
2097 2000 2153 2043 ut
2176 1994 2430 2046 Salustius
2463 1997 2564 2046 sibi
2584 2000 2760 2048 omnia

462 2063 515 2112 in
555 2062 768 2112 Catilina
803 2062 1005 2111 tribuit:
1042 2077 1205 2126 quam
1239 2059 1567 2112 brevissime
1603 2065 1795 2128 potero
1831 2063 2026 2126 paucis
2063 2063 2365 2113 absolvam.

635 2128 715 2178 11.
773 2129 910 2180 Non.
960 2147 1013 2194 p.
1052 2127 1153 2178 240
1210 2130 1389 2179 Nobile
1436 2130 1508 2178 ad
1551 2130 1843 2194 dignitatem
1883 2134 2092 2194 generis
2125 2132 2374 2194 refertur.
2447 2132 2755 2184 Sallustius.-

461 2198 712 2248 Lucilius
750 2197 997 2248 Catilina
1032 2195 1209 2248 nobili
1246 2213 1449 2264 genere
1486 2200 1652 2246 natus
1689 2197 1814 2246 fuit.
1887 2198 1940 2248 S.
1965 2199 2096 2248 Aur.
2122 2199 2270 2250 Vict.
2310 2199 2362 2250 d.
2398 2217 2450 2252 v.
2489 2200 2570 2252 ill.
2609 2218 2656 2252 c.
2684 2201 2758 2253 76

467 2437 513 2486 1.
541 2452 717 2500 neque
740 2437 885 2486 enim
909 2451 1100 2500 agrum
1120 2435 1194 2500 g⁸.
1234 2451 1338 2486 nec
1362 2452 1491 2486 vero
1505 2434 1592 2486 ΡΒ.
1627 2453 1757 2487 vero
1769 2453 1862 2487 om.
1876 2435 2174 2501 lh.sup.lin.
2189 2454 2242 2502 p.
2279 2438 2509 2489 colendo
2533 2454 2667 2504 agro
2682 2436 2757 2490 ΡΒ

465 2504 546 2567 (m.
561 2503 627 2566 Ι).
667 2504 897 2554 colendo
922 2501 1190 2568 agrums¹.
1238 2504 1466 2554 colendo
1494 2510 1658 2569 atque
1685 2505 1938 2556 venando
1960 2521 2009 2569 γ.
2073 2511 2169 2556 aut
2183 2507 2498 2557 etvenando
2511 2505 2588 2572 ΡΒ.
2637 2523 2758 2558 ser·-

464 2573 737 2623 vilibusve
777 2571 1009 2631 officiis,
1060 2577 1115 2619 ut
1160 2575 1289 2621 coni.
1328 2573 1547 2636 Popma,
1603 2575 1655 2622 in
1700 2580 1894 2623 vetusto
1941 2575 2054 2623 cod.
2093 2580 2339 2623 inventum
2384 2590 2496 2624 esse
2531 2581 2757 2625 testatur

470 2641 634 2691 Coler.
672 2666 738 2674 —-
775 2638 823 2686 2.
864 2638 1066 2688 officiis
1102 2654 1187 2688 me
1223 2640 1493 2688 intentum
1532 2637 1606 2704 g5.
1677 2642 1948 2690 intentum
1985 2639 2188 2690 officiis
2227 2641 2301 2707 g2.
2374 2643 2646 2692 intentam
2682 2643 2754 2692 P¹

466 2710 548 2772 (m.
563 2706 613 2771 Ι)
636 2704 775 2772 Mg4.
833 2707 1105 2756 intentum
1142 2711 1199 2755 et
1235 2712 1474 2756 aetatem
1510 2705 1586 2772 81.
1650 2724 1814 2774 agere
1854 2713 2096 2758 aetatem
2121 2709 2206 2762 im.
2271 2715 2510 2760 aetatem
2547 2711 2753 2762 ducere

466 2792 517 2840 γ.
579 2789 681 2839 que
706 2790 800 2824 om.
832 2771 1264 2839 p³p⁵g2g⁵g⁰s²ry.
1324 2775 1538 2834 studioq
1566 2792 1648 2826 me
1677 2775 1743 2826 s¹.
1790 2777 2119 2843 inceptoque
2146 2778 2326 2827 studio
2353 2775 2412 2843 g⁴
2431 2776 2512 2842 (m.
2527 2778 2592 2841 Ι).
2643 2795 2754 2844 que

465 2859 550 2892 me
587 2858 680 2892 om.
705 2841 803 2908 187.
840 2869 906 2877 -
932 2840 980 2891 3.
1007 2843 1154 2891 mala
1192 2843 1419 2892 ambitio
1456 2841 1970 2910 MTFpp⁵m¹m²g⁶m
2032 2846 2181 2894 mala
2207 2846 2504 2895 ambitione
2531 2863 2571 2895 r.
2637 2863 2753 2896 am-

463 2911 603 2962 bitio
641 2910 789 2960 mala
825 2909 1139 2959 detinuerat
1173 2927 1256 2960 me
1285 2909 1357 2976 g2.
1419 2912 1568 2961 mala
1593 2929 1679 2962 me
1706 2913 2032 2964 detenuerat
2059 2912 2248 2962 eodem
2275 2914 2514 2964 ambicio
2541 2915 2612 2964 ad
2637 2921 2752 2965 sta-

464 2985 579 3029 tum
616 2978 895 3028 scribendi
931 2994 1215 3044 regressus
1252 2997 1303 3044 g.
1372 2984 1629 3029 tenuerat
1663 2979 1716 3028 h.
1781 2981 2077 3046 eodemque
2113 2983 2166 3030 in
2202 2981 2272 3034 §m
2324 2983 2524 3032 videtur
2563 2983 2750 3046 fuisse.

466 3052 655 3113 gestas
680 3047 761 3096 rei
786 3047 1044 3112 publicae
1072 3047 1146 3112 86.
1172 3075 1239 3084 —
1261 3047 1309 3096 4.
1337 3049 1551 3097 romani
1577 3063 1764 3096 earum
1785 3053 1846 3097 ut
1871 3046 1945 3113 ΡΒ.
2007 3050 2240 3114 carptim
2267 3054 2432 3115 atque
2468 3055 2530 3100 ut
2553 3052 2756 3115 Popma

464 3133 536 3166 ex
562 3121 755 3166 vetusto
782 3115 929 3166 libro.
992 3117 1223 3180 carptim
1262 3131 1320 3165 se
1342 3121 1366 3164 t
1435 3121 1496 3165 ut
1533 3113 1608 3181 g¹.
1683 3117 1915 3181 carptim
1951 3118 2192 3166 scribere
2229 3123 2290 3167 ut
2315 3134 2526 3183 queque
2563 3145 2630 3154 ——
2666 3121 2754 3168 vi-

466 3184 737 3234 debantur
772 3200 837 3234 eo
874 3184 1054 3248 mag-is
1090 3199 1145 3248 μ.
1217 3189 1277 3233 ut
1314 3199 1563 3248 quaeque
1599 3187 1790 3248 scripsi
1819 3201 1918 3248 pro
1963 3186 2045 3234 uti
2091 3200 2340 3250 quaeque
2389 3202 2459 3236 ex
2493 3185 2754 3238 PP¹P²P³

463 3249 1706 3318 P⁴MM¹M²pp¹p³mm¹m²gg¹g⁸²g⁵g⁸s,s²yu(&il]l.
1802 3253 1974 3318 digna
2021 3254 2284 3303 memoria
2333 3253 2517 3319 Gp⁶g².
2595 3255 2753 3305 vide-

414 3365 427 3386 ,
463 3319 667 3370 buntur
687 3319 761 3385 g7.
822 3320 1163 3384 prescribere
1192 3333 1239 3368 σ.
1276 3347 1342 3354 -
1368 3319 1417 3369 5.
1458 3337 1522 3370 eo
1560 3321 1738 3385 magis
1773 3336 1885 3384 sup.
1911 3325 1998 3371 lin.
2034 3322 2078 3370 P
2118 3327 2174 3371 et
2211 3337 2275 3371 eo
2311 3323 2490 3387 magis
2526 3319 2602 3388 ΡΒ.
2659 3339 2753 3374 eo-

466 3404 568 3455 que
606 3389 784 3452 magis
821 3403 871 3452 γ.
952 3403 1056 3452 quo
1092 3387 1228 3435 mihi
1262 3385 1359 3437 Μ1.
1432 3387 1567 3436 mihi
1607 3389 1818 3439 animus
1857 3404 1890 3438 a
1927 3405 2022 3454 spe
2062 3388 2134 3454 g⁸.
2208 3391 2277 3439 ab
2316 3406 2413 3455 spe
2449 3390 2486 3439 1.
2553 3405 2752 3455 aspere

463 3461 612 3505 metu
648 3453 725 3519 ΡΒ.
787 3471 819 3504 a
856 3471 951 3519 spe
992 3459 1047 3504 et
1082 3459 1231 3503 metu
1266 3452 1477 3519 p¹p⁰m¹.
1541 3471 1573 3505 a
1611 3473 1705 3521 spe
1741 3462 1890 3506 metu
1927 3473 1960 3506 a
1995 3458 2244 3522 partibus
2283 3475 2334 3522 8.
2396 3473 2429 3506 a
2464 3462 2614 3507 metu
2649 3474 2751 3523 spe

431 3516 715 3589 ‘partibus
752 3537 799 3572 σ.
862 3537 895 3572 a
931 3538 1027 3586 spe
1067 3537 1100 3570 a
1136 3526 1286 3570 metu
1308 3524 1558 3586 partibus
1585 3524 1658 3588 gss.
1723 3541 1756 3573 a
1793 3541 1887 3590 spe
1927 3541 1960 3573 a
1997 3530 2148 3575 metu
2183 3541 2216 3575 a
2239 3526 2490 3591 partibus
2517 3543 2568 3591 g.
2621 3541 2752 3591 par-

462 3592 611 3642 tibus
649 3607 701 3655 p.
740 3607 783 3638 r.
820 3589 894 3656 g2.
959 3590 1171 3640 animus
1207 3605 1359 3640 meus
1395 3590 1536 3641 liber
1573 3609 1625 3656 g.
1685 3593 1826 3642 liber
1863 3593 1970 3642 fuit
2004 3594 2068 3642 F.

599 3657 649 3706 7.
690 3659 819 3709 Nolo
857 3658 1033 3708 bonum
1068 3660 1220 3707 otium
1256 3663 1524 3707 conterere
1560 3662 1990 3710 conmemorandis
2022 3664 2280 3724 portentis
2328 3677 2456 3727 quae
2503 3677 2574 3712 εει·
2614 3663 2753 3712 Cati-

462 3732 595 3778 linae
620 3730 813 3776 nomine
838 3727 1060 3790 effecere
1085 3725 1301 3775 librarii.
1362 3725 1429 3774 de
1457 3728 1838 3778 coniuratione
1876 3728 2155 3778 Catilinae
2191 3727 2576 3795 ΜΒΡ5818ΒγἯί.
2642 3729 2752 3780 Ca-

462 3797 659 3846 tilinae
698 3794 767 3843 de
806 3793 1188 3844 coniuratione
1225 3792 1291 3844 s¹.
1354 3809 1515 3857 quam
1550 3796 1836 3845 verissime
1876 3799 1948 3846 ad
1967 3813 2126 3861 marg.
2168 3796 2234 3846 G.
2271 3823 2338 3832 ——
2373 3795 2423 3846 8.
2463 3797 2752 3848 absolvam

462 3864 657 3928 paucis
692 3863 895 3912 verbis.
931 3862 1073 3910 Nam
1110 3859 1174 3911 8¹.
1238 3861 1539 3912 absolvam.
1585 3865 1857 3913 Benedixi
1892 3881 1978 3913 me
2016 3866 2346 3930 scripturum
2387 3865 2454 3914 de
2493 3866 2750 3916 coniura-

463 3932 613 3982 tione
654 3930 901 3983 catssine.
948 3929 1089 3978 Nam
1125 3943 1173 3979 σ.
1236 3945 1337 3996 ego
1372 3945 1466 3980 om.
1503 3931 1602 3997 1g0.
1662 3932 2017 3982 memorabile
2055 3949 2158 3998 ego
2195 3931 2270 3998 81.
2337 3933 2586 3999 inprimis
2625 3949 2752 3984 esse

2100 4014 2135 4050 is

462 4057 819 4109 memorabile
858 4054 931 4124 g⁴.
996 4058 1190 4108 estimo
1226 4054 1586 4124 p⁸m¹g¹g⁶s¹m
1650 4054 1878 4109 existimo
1917 4057 1981 4108 8².
2045 4061 2247 4110 extimo
2275 4058 2348 4125 g5.
2386 4087 2452 4095 —-—
2487 4059 2537 4110 9.
2573 4061 2752 4111 homi-

460 4127 548 4176 nis
584 4142 679 4177 om.
713 4118 859 4191 Ρ1ΡΒ.
922 4126 988 4176 de
1016 4127 1171 4176 cuius
1196 4127 1260 4176 N.
1288 4127 1528 4176 moribus
1565 4124 1630 4176 8².
1692 4127 1761 4176 de
1799 4127 1954 4176 cuius
1991 4129 2231 4179 moribus
2265 4128 2501 4178 hominis
2538 4127 2624 4181 im.
2679 4157 2752 4166 -

466 4191 543 4244 10.
581 4195 732 4260 prius
768 4209 861 4243 om.
899 4191 1003 4256 m¹‚
1040 4211 1151 4258 sup.
1190 4198 1275 4243 lin.
1320 4210 1389 4242 m.
1469 4194 1802 4259 explicanda
1839 4192 1940 4260 g⁴r.
2003 4201 2130 4246 sunt
2167 4212 2328 4261 quam
2365 4197 2582 4246 initium
2617 4211 2749 4246 nar-

460 4262 620 4312 randi
656 4263 863 4312 faciam
898 4279 971 4312 ex
1003 4278 1140 4312 corr.
1176 4261 1263 4311 Ρ1.
1334 4263 1561 4313 inicium
1598 4262 1861 4312 narrandi
1898 4263 2164 4328 incipiam
2199 4263 2264 4314 εἳ.
2657 4294 2662 4300 -

630 4330 711 4380 ll.
748 4331 955 4381 Lucius
991 4357 1057 4365 —-
1092 4346 1371 4397 pravoque
1407 4329 1474 4380 P¹
1512 4333 1584 4380 ad
1600 4347 1760 4395 marg.
1783 4332 2046 4394 adscripto
2083 4331 2234 4383 verbo
2261 4331 2514 4382 dialiton.
2575 4336 2750 4385 natus

458 4414 551 4448 om.
588 4397 663 4465 ΡΒ.
726 4404 875 4449 ortus
901 4411 954 4464 g.
1016 4398 1123 4448 fuit
1147 4413 1284 4448 erae.
1314 4395 1391 4465 81.
1471 4399 1531 4448 vi
1557 4399 1729 4448 animi
1751 4396 2266 4465 P³p⁵p⁶gg¹g²g⁵g⁶n
