3042 4917
498 248 581 311 36
1174 268 1784 315 CONMRNTATIONUM
1825 266 1968 316 car.
2011 269 2112 315 111.

498 423 668 482 fuisse
711 423 933 489 dicitur,
980 425 1187 501 amplae
1234 425 1380 484 illitis
1425 426 1678 489 lacunae,
1724 444 1862 502 quae
1907 428 1961 482 in
2002 427 2294 501 Iugurthae
2336 435 2494 504 parte
2537 437 2781 487 extrema

499 544 685 585 omnes
728 526 901 585 libros
932 530 1263 585 vetustiores
1293 529 1506 593 insedit,
1554 530 1852 604 repetunda
1885 530 2144 593 videatur,
2185 546 2307 587 cum
2354 548 2492 605 quae
2534 530 2646 588 illic
2689 550 2779 589 ex·

466 621 757 693 ciderunt,
803 648 903 705 per
945 630 1115 687 lineas
1175 631 1321 705 paris
1378 630 1749 704 amplitudinis
1807 639 1970 705 atque
2033 632 2246 687 Ottema
2291 632 2484 689 statuit
2533 633 2779 691 dividun-

496 742 605 802 tur,
648 731 959 790 efficiuntur
996 730 1169 789 lineae
1211 738 1341 796 257,
1400 733 1467 790 ad
1512 751 1779 789 summum
1821 740 1957 796 258.
2019 733 2215 807 quibus
2262 734 2492 807 paginae
2546 742 2618 795 20
2665 736 2778 792 sive

494 834 627 891 solia
674 835 858 891 decem
913 852 1023 890 non
1062 852 1293 909 prorsus
1348 833 1652 909 explentur.
1745 834 1838 889 Set
1895 835 2074 891 fateor
2127 833 2261 890 illud
2321 835 2611 893 discrimen
2666 856 2775 893 non

498 944 706 993 tantum
753 953 889 1000 esse,
928 944 990 991 ut
1033 945 1325 1012 propterea
1368 937 1636 995 sententia
1693 935 1786 991 illa
1828 936 2103 993 reiciunda
2147 936 2409 1000 videatur,
2453 938 2776 1012 praesertim

495 1056 617 1096 cum
664 1037 784 1094 fieri
835 1038 1104 1113 potuerit,
1157 1046 1219 1094 ut
1272 1036 1461 1095 lacuna
1519 1037 1610 1093 illa
1673 1055 1736 1093 ex
1780 1036 1886 1093 alio
1931 1038 2242 1113 exemplari,
2307 1040 2454 1112 quod
2484 1040 2550 1096 ad
2589 1040 2778 1097 arche-

497 1148 688 1215 typum
746 1146 1023 1196 exaratum
1076 1148 1247 1202 esset,
1307 1148 1578 1196 oreretur.
1661 1142 1838 1214 Atque
1894 1140 2148 1203 omnino,
2204 1140 2366 1195 modo
2412 1140 2592 1215 aliqua
2634 1142 2778 1199 ratio

494 1240 812 1317 probabilis,
854 1259 960 1315 qua
1004 1258 1162 1298 error
1191 1250 1349 1299 natus
1382 1259 1501 1298 esse
1539 1241 1800 1305 videatur,
1849 1250 2064 1299 ostenta
2106 1242 2288 1305 fuerit,
2335 1242 2382 1297 si
2426 1250 2574 1299 certa
2615 1259 2779 1317 argu-

494 1352 676 1399 menta
724 1343 939 1399 vitiatos
979 1342 1151 1401 libros
1208 1362 1329 1401 esse
1385 1342 1606 1418 planum
1650 1344 1878 1406 faciant,
1933 1342 2324 1400 emendationis
2381 1327 2635 1401 conatus·
2665 1363 2778 1401 non

494 1464 597 1520 pro
640 1445 926 1503 audaciore
971 1446 1189 1521 incepto
1229 1446 1505 1501 habendus
1547 1454 1669 1505 est..

666 1549 736 1603 At
781 1546 1044 1620 gravioris
1088 1547 1348 1603 momenti
1400 1556 1515 1611 est,
1579 1547 1723 1621 quod
1778 1546 1870 1603 illa
1912 1546 2270 1620 transpositio
2312 1546 2537 1621 probari
2566 1548 2777 1622 nequit,

495 1648 601 1705 nisi
644 1648 806 1706 verba
850 1657 1267 1713 conmutentur,
1313 1649 1418 1705 nisi
1462 1668 1507 1705 c.
1553 1658 1636 1713 31,
1681 1660 1712 1709 5
1757 1666 1860 1723 pro
1899 1655 2192 1720 postremo
2233 1649 2504 1705 scribatur
2535 1656 2778 1721 postero

496 1754 587 1808 die
630 1759 686 1807 et
730 1751 975 1807 Catilina
1005 1752 1294 1807 inseratur.
1379 1750 1710 1808 Admirabile
1738 1750 1990 1824 profecto
2025 1759 2187 1814 esset,
2223 1750 2270 1807 si
2305 1750 2641 1807 conmutatio
2689 1770 2779 1807 ve-

496 1872 587 1911 rae
618 1854 937 1928 scripturae,
964 1870 1123 1927 quam
1154 1852 1220 1909 ab
1252 1853 1600 1910 emendatore
1636 1854 1830 1909 factam
1862 1870 1982 1907 esse
2023 1853 2444 1926 apertissumum
2489 1861 2652 1916 esset,
2701 1854 2779 1909 ita
2817 1862 2824 1869 '

494 1963 797 2030 propagata
834 1962 996 2017 esset,
1028 1962 1089 2010 ut
1124 1972 1189 2011 ne
1226 1955 1525 2011 minumum
1559 1954 1776 2029 quidem
1822 1953 1967 2010 illius
2003 1955 2289 2027 vestigium
2328 1955 2383 2009 in
2417 1954 2572 2010 libris
2611 1972 2780 2010 manu

494 2057 713 2131 scriptis
754 2057 1121 2113 remansisset.
1212 2058 1345 2112 Tum
1388 2075 1582 2113 rursus
1627 2073 1950 2129 cogeremur
1991 2034 2262 2120 statuere,
2323 2073 2508 2112 omnes
2551 2065 2780 2112 nostros

493 2159 665 2215 libros
714 2176 780 2215 ex
820 2165 1071 2215 correcto
1125 2159 1357 2232 quodam
1417 2158 1740 2233 exemplari,
1799 2159 1944 2231 quod
1987 2175 2151 2215 unum
2195 2176 2258 2214 ex
2303 2157 2598 2231 archetypo
2644 2175 2778 2213 con-

498 2263 699 2319 fectum
738 2260 1054 2323 exstitisset,
1090 2259 1356 2333 originem
1395 2261 1611 2316 ducere.
1673 2260 1962 2315 Librorum
2003 2267 2181 2316 autem
2215 2259 2500 2333 scripturis
2530 2266 2633 2314 aut
2666 2263 2778 2327 sui,

493 2370 556 2420 ut
599 2366 707 2431 sui,
749 2370 804 2418 et
844 2369 906 2417 ut
950 2364 1061 2433 sui,
1105 2368 1169 2417 ut
1211 2368 1267 2417 et
1308 2364 1428 2430 sui,
1468 2379 1538 2417 ac
1583 2362 1677 2417 sui
1715 2363 2029 2436 neutiquam
2069 2362 2377 2418 confirmari
2419 2361 2640 2417 Linkeri
2685 2341 2779 2417 su-

494 2466 810 2541 spicionem,
860 2480 1058 2519 nomen
1089 2464 1336 2519 Catilina
1364 2464 1644 2526 excidisse,
1691 2462 1798 2519 alio
1844 2462 1968 2519 loco
1998 2463 2400 2520 demonstrabo.
2467 2461 2604 2518 {llud
2637 2479 2774 2535 ergo

494 2566 846 2639 intellegetur
889 2565 955 2621 ab
998 2564 1153 2620 libris
1196 2582 1307 2621 non
1350 2564 1484 2621 nihil
1533 2564 1777 2627 obstare,
1835 2582 1944 2638 quo
2000 2565 2176 2620 minus
2228 2563 2620 2638 transpositio.
2655 2564 2776 2620 sine

496 2668 641 2725 omni
684 2668 1024 2723 dubitatione
1068 2665 1458 2740 conprobetur.

664 2769 839 2843 Igitur
881 2777 1061 2825 cetera
1103 2776 1437 2841 argumenta,
1481 2767 1678 2840 quibus
1714 2766 1978 2823 Linkerus
2010 2785 2142 2824 usus
2179 2774 2279 2829 est,
2325 2766 2651 2842 exploranda
2697 2766 2773 2820 vi-

492 2874 705 2933 dentur,
749 2888 811 2926 ac
851 2870 1085 2944 primum
1133 2868 1348 2943 quidem
1392 2886 1488 2925 eos
1535 2868 1833 2958 scriptores
1879 2869 2309 2930 consideremus,
2375 2885 2514 2940 quos
2572 2868 2664 2923 ille
2709 2885 2777 2923 ex

494 2973 715 3032 Sallusti
753 2972 896 3029 libro
934 2972 1179 3029 hausisse
1216 2979 1377 3045 atque
1428 2969 1536 3025 alio
1579 2969 1796 3031 ordine,
1849 2988 2004 3043 quam
2043 2970 2089 3025 is
2129 2978 2218 3025 estx
2258 2970 2352 3044 qui
2395 2970 2447 3024 in
2493 2968 2772 3025 codicibus

494 3086 765 3139 servatus,
820 3092 909 3131 res
948 3081 1225 3131 enarratas
1288 3073 1342 3127 in
1402 3070 1498 3126 illo
1556 3071 1757 3144 legisse
1815 3070 2110 3127 contendit.
2198 3070 2304 3127 lam
2355 3070 2608 3144 quoniam
2648 3070 2776 3126 Flo-

492 3198 627 3243 rum,
678 3196 838 3253 quem
884 3194 1021 3251 quae
1077 3177 1142 3233 de
1185 3173 1444 3230 Catilinae
1484 3172 1630 3229 bello
1677 3172 1720 3227 11
1769 3180 1832 3231 12
1886 3180 2072 3233 narrat
2115 3190 2180 3227 ex
2222 3172 2446 3228 Sallusti
2489 3170 2631 3227 libro
2684 3188 2773 3227 ex·

490 3282 758 3356 cerpsisse
803 3287 1050 3354 apertum
1090 3284 1190 3339 est,
1228 3277 1345 3350 ipse
1390 3281 1540 3331 recte
1572 3274 1838 3331 Linkerus
1882 3274 2112 3331 exclusit
2154 3304 2229 3314 —
2273 3272 2409 3329 nihil
2451 3273 2593 3328 enim
2625 3273 2773 3346 quod

490 3383 556 3438 ad
578 3383 715 3439 hanc
738 3381 1111 3455 quaestionem
1132 3378 1421 3453 pertineat,
1454 3376 1596 3451 apud
1619 3393 1740 3432 eum
1764 3376 1969 3450 legitur
1996 3406 2090 3438 —-,
2114 3384 2228 3431 tres
2258 3375 2556 3449 scriptores
2588 3374 2772 3447 graeci

492 3482 804 3558 explorandi
851 3489 993 3545 sunt,
1037 3478 1378 3542 Plutarchus,
1425 3478 1719 3552 AppianuS,
1767 3477 1982 3535 Cassius
2023 3477 2137 3533 Dio.
2225 3476 2502 3533 Plutarchi
2546 3493 2652 3531 una
2689 3474 2772 3530 Ci-

490 3586 705 3643 ceronis
752 3584 857 3640 vita
903 3584 958 3639 in
1001 3598 1220 3640 censum
1266 3582 1499 3637 vocanda
1543 3590 1642 3643 est,
1691 3580 1946 3655 quoniam
1992 3580 2045 3635 in
2091 3597 2152 3635 ea
2202 3578 2322 3635 sola
2361 3579 2428 3635 de
2472 3576 2557 3631 his
2604 3576 2769 3632 rebus

488 3688 768 3763 copiosius
812 3685 1048 3760 scripsit,
1096 3684 1149 3739 in
1189 3682 1309 3739 aliis
1355 3670 1568 3739 tan'tum
1610 3683 1770 3742 modo
1819 3700 1954 3757 quae
1989 3682 2054 3738 ad
2088 3680 2334 3755 singulos
2367 3677 2616 3735 homines
2648 3694 2773 3751 per-

492 3790 729 3847 tinerent
765 3788 965 3861 tetigit.

656 3892 706 3948 Is
751 3890 922 3963 igitur
963 3889 1066 3946 Cic.
1113 3906 1158 3945 c.
1210 3894 1273 3949 14
1326 3888 1459 3945 haec
1502 3886 1722 3945 scribit:
1782 3866 1946 3941 οὗτοι
1995 3871 2110 3961 γαρ
2166 3870 2428 3959 ἡγεμόνα
2486 3868 2767 3936 Μάλλιον

490 3988 738 4067 ἔχοντες,
775 3981 963 4067 ἄνδρα
996 3989 1113 4046 τῶν
1142 3984 1447 4063 ἐπιφανῶς
1479 3976 1602 4045 υπὸ
1625 3979 1826 4044 Σύλλα
1856 3978 2393 4063 στρατευσαμένων,
2423 3975 2770 4036 συνίσταντο

486 4113 567 4174 τῳ
546 4088 871 4149 Κατιλίνα
900 4087 1002 4149 καὶ
1028 4089 1302 4169 παρῆσαν
1316 4087 1396 4159 εἰς
1418 4078 1644 4165 Ρώμην
1657 4098 2332 4164 συναρχαιρεσιασοντες.
2375 4082 2592 4140 Nullum
2615 4083 2681 4139 de
2707 4099 2769 4137 ea

486 4213 546 4252 re
576 4194 718 4270 apud
751 4194 877 4249 Sall.
908 4194 1146 4251 verbum.
1188 4194 1377 4267 Pergit
1406 4192 1529 4249 ille:
1556 4180 1843 4247 ὑπατείαν
1875 4208 1992 4266 γαρ
2015 4166 2200 4257 αυθις
2223 4176 2422 4265 μετῄει
2455 4182 2764 4260 βεβουλευ-

486 4291 661 4371 μένος
688 4282 918 4353 ανελεῖν
941 4282 1045 4351 τὸν
1061 4288 1372 4371 Κικέρωνα
1402 4312 1538 4371 περι
1563 4280 1746 4349 αὐτὸν
1769 4288 1888 4348 τῶν
1918 4277 2310 4369 ἀρχαιρεσιῶν
2345 4275 2449 4345 τὸν
2478 4276 2766 4365 θόρυβον.

3017 2732 3026 2760 ,ι
