3042 4917
522 258 600 318 16
1219 272 1829 317 connmzmrmnuu
1867 274 2009 316 cAP.
2044 275 2115 316 11.

515 446 702 488 mores
744 428 996 487 vexabat
1038 428 1397 503 subplendum
1441 430 1654 485 censuit
1699 428 1835 502 (Act.
1876 445 2058 503 gymn.
2101 430 2287 485 Austr.
2323 428 2389 483 VI
2428 445 2481 502 p.
2518 426 2625 501 43),
2668 445 2805 485 con-

515 534 806 591 tortiorem
835 529 951 586 fieri
997 531 1298 588 orationem
1335 548 1520 604 negas.
1586 529 1724 597 Quid
1748 530 1919 603 igitur
1958 531 2069 585 veri
2112 529 2341 586 similius
2380 548 2539 604 quam
2569 538 2806 605 propter

512 634 820 691 litterarum
852 632 1260 690 similitudinem
1300 632 1502 707 aliquid
1554 632 1849 689 excidisse?
1932 631 2087 700 Quod
2122 632 2447 706 intellegens
2484 632 2803 689 Gerlachius

515 738 597 793 ed.
649 736 990 792 novissumae
1039 735 1210 809 praes.
1263 754 1319 810 p.
1365 734 1498 791 XVII
1546 736 1857 806 eademque
1915 750 2063 806 quae
2106 734 2357 791 coniecit.
2444 736 2513 789 At
2568 734 2641 790 ita
2689 750 2805 790 non

513 839 648 895 illud
691 838 1039 913 exprimitur,
1095 838 1238 910 quod
1275 836 1546 893 sententia
1590 835 1826 909 flagitat,
1874 835 2219 899 Sallustium,
2277 836 2423 909 quod
2467 836 2653 891 eadem
2709 854 2806 891 cu-

513 942 698 1016 pidine
753 939 982 996 honoris
1033 956 1140 1013 qua
1179 939 1348 994 ceteri
1389 944 1582 1011 captus
1626 936 1847 999 fuisset,
1903 938 2068 996 etiam
2122 938 2309 994 eadem
2356 955 2461 1011 qua
2500 937 2625 993 illos
2664 938 2804 993 fama

516 1052 680 1116 atque
732 1041 928 1097 invidia
975 1048 1220 1096 vexatum
1276 1039 1432 1095 csse?
1519 1038 1612 1094 Cui
1656 1039 1785 1113 quid
1835 1039 2027 1097 melius
2084 1040 2365 1103 satisfacit,
2423 1056 2583 1113 quam
2646 1038 2692 1095 si
2736 1039 2807 1094 ab

517 1144 644 1201 Sall.
679 1143 944 1217 scriptum
979 1149 1188 1198 statuas
1233 1141 1470 1197 honoris
1502 1143 1710 1212 cupido
1752 1143 1953 1197 eadem
1991 1144 2302 1214 eademque
2349 1157 2497 1213 quae
2544 1149 2808 1197 ceteros?

687 1279 798 1336 Cat.
837 1287 894 1342 55
919 1285 952 1339 9
1001 1278 1325 1351 quicumque
1367 1274 1531 1359 verba
1575 1282 1638 1330 ut
1672 1279 1956 1347 paulatim
1990 1280 2272 1333 inmutata
2313 1292 2391 1332 ex
2424 1279 2806 1348 pulcer-ruma

510 1398 786 1455 pessuma
831 1397 901 1436 ac
943 1354 1408 1453 flaqitiosissuma
1436 1378 1605 1449 facea
1646 1380 1721 1433 sit
1762 1379 1981 1435 adtente
2012 1377 2226 1451 legerit,
2265 1379 2412 1452 quod
2448 1378 2805 1451 aequabilitas

517 1482 912 1544 membrorum,
959 1481 1114 1537 cuius
1165 1480 1454 1537 Sallustius
1506 1480 1957 1538 studiosissumus
2001 1489 2102 1543 est,
2145 1480 2347 1537 violata
2385 1480 2481 1543 sit,
2546 1481 2803 1536 offendet.

517 1586 590 1643 Ea
634 1592 843 1641 servata
887 1592 972 1639 est
1022 1584 1076 1638 in
1121 1582 1306 1639 codice
1353 1581 1593 1638 omnium
1634 1583 2020 1640 vetustissumo
2063 1583 2121 1645 P,
2168 1581 2261 1656 qui
2304 1598 2384 1638 ex
2424 1586 2805 1660 pulcer-numa

512 1704 788 1760 pessuma
833 1685 1001 1758 facta
1044 1686 1122 1741 sit
1162 1684 1407 1749 exhibet3
1460 1691 1515 1739 at
1562 1700 1671 1757 quo
1718 1684 1895 1741 minus
1949 1685 2055 1741 hoc
2112 1684 2180 1739 ab
2235 1683 2493 1740 Sallustio
2537 1686 2803 1758 scriptum

520 1797 799 1865 putemus,
847 1806 968 1844 cum
1004 1787 1139 1842 aliae
1184 1803 1405 1842 caussae
1449 1786 1698 1848 obstant,
1763 1794 1875 1841 tum
1919 1786 2212 1861 Augustini
2257 1785 2343 1859 (de
2388 1787 2485 1842 civ.
2528 1788 2579 1843 d.
2628 1786 2671 1841 Il
2716 1785 2805 1858 18)

519 1891 910 1947 testimonium.
1001 1888 1149 1945 Unde
1198 1905 1309 1944 non
1363 1888 1587 1944 dubium
1640 1894 1752 1950 est,
1811 1888 1940 1961 quin
1987 1888 2146 1944 verba
2190 1894 2363 1959 atque
2406 1896 2638 1961 optuma
2684 1907 2807 1945 cum

521 1992 784 2065 Sellingio
828 1991 976 2048 lectt.
1025 1989 1152 2047 Sall.
1197 2010 1250 2065 p.
1293 1996 1323 2052 7
1353 1997 1406 2046 et
1438 1990 1674 2046 Linkero
1705 1990 2017 2064 recipiunda
2062 1990 2187 2045 sint.
2248 1989 2385 2046 Num
2433 1990 2602 2064 igitur
2647 1992 2806 2065 pauci

520 2094 852 2151 recentiores
914 2093 1067 2157 libri,
1129 2094 1222 2167 qui
1279 2110 1342 2149 ea
1401 2101 1615 2167 tenent,
1684 2092 1750 2148 ad
1807 2092 2083 2165 antiquius
2149 2098 2203 2146 et
2256 2092 2470 2165 plenius
2533 2091 2810 2166 exemplar

520 2194 724 2253 exarati
768 2212 889 2254 esse
931 2195 1187 2251 censendi
1233 2195 1394 2251 sunt?
1463 2174 1732 2251 'Minume
1822 2193 1966 2261 Quae
2011 2194 2155 2250 inter
2197 2210 2293 2250 eos
2340 2194 2629 2250 intercedit
2675 2194 2809 2249 scri·

519 2307 712 2373 pturae
757 2298 1062 2359 divorsitas,
1101 2296 1232 2352 satis
1271 2299 1486 2367 optima
1526 2296 1594 2351 ab
1635 2295 1878 2369 margine
1918 2295 2145 2351 inlatum
2178 2313 2299 2353 esse
2338 2296 2593 2353 ostendit.

694 2433 786 2489 Set
827 2404 956 2489 Cat..
984 2439 1044 2495 6,
1087 2438 1120 2489 2
1172 2431 1404 2487 Rothius
1449 2439 1578 2504 post
1622 2434 1943 2489 coaluerint
1996 2449 2061 2487 ex
2111 2432 2299 2505 paucis
2358 2431 2513 2488 libris
2560 2432 2809 2488 novissu-

459 2590 469 2595 -
521 2553 638 2591 mae
685 2534 878 2590 aetatis
920 2533 1266 2589 inserendum
1309 2550 1428 2588 3333
1485 2534 1726 2590 censuit:
1783 2536 1865 2589 ita
1910 2534 2070 2589 brevi
2111 2536 2407 2590 mullitudo
2461 2536 2693 2590 divorsa
2740 2552 2811 2589 ac

523 2654 670 2708 vaga
712 2636 1022 2692 concordia
1067 2635 1269 2690 civitas
1293 2633 1460 2704 facta
1498 2642 1647 2691 erat.
1717 2633 1886 2702 Quam
1916 2623 2251 2690 sententiam'
2287 2634 2599 2691 Gerlachius
2632 2636 2713 2691 ed.
2744 2636 2811 2690 IV

522 2738 692 2812 praes.
739 2756 792 2811 p.
838 2737 905 2792 XI
948 2754 1029 2809 sq.
1076 2744 1221 2791 recte
1265 2736 1549 2798 refutavit,
1598 2736 1866 2808 quamviS,
1920 2736 2001 2791 uti
2044 2735 2160 2791 fieri
2206 2735 2349 2792 solet
2393 2737 2573 2792 studio
2626 2738 2810 2793 redar-

524 2840 742 2914 guendi,
781 2838 942 2894 nimis
977 2838 1150 2893 acutis
1184 2836 1452 2910 nimisque
1487 2836 1675 2892 multis
1706 2838 2043 2911 argumentis
2076 2856 2226 2894 usus.
2290 2838 2421 2893 Nam
2452 2837 2809 2894 Sallustianae

526 2941 788 2997 orationis
832 2940 1068 3014 speciem
1109 2957 1171 2994 ea
1215 2938 1376 2994 verba
1411 2956 1541 3013 prae
1584 2956 1641 2994 se
1678 2956 1788 2994 non
1828 2938 1991 3001 ferre,
2033 2957 2133 2995 uec
2176 2940 2442 2996 connexui
2478 2940 2808 2995 narrationis

524 3050 649 3118 apta
695 3060 831 3105 esse,
877 3058 1037 3096 nemo
1085 3040 1190 3096 uisi
1237 3041 1329 3114 qui
1373 3040 1738 3115 praeiudicata
1784 3040 2040 3114 opinione
2072 3040 2329 3097 Sallustio
2375 3042 2645 3097 vindicare
2694 3050 2809 3097 stu·

524 3147 648 3202 deat
701 3144 1037 3199 infitiabitur.
1130 3141 1297 3198 Simul
1346 3142 1710 3214 Augustinum
1756 3140 1880 3215 (Ep.
1923 3142 1966 3195 V
2014 3141 2117 3197 vol.
2166 3142 2209 3196 11
2257 3143 2337 3198 ed.
2375 3140 2578 3197 Erasm.
2624 3160 2678 3216 p.
2734 3150 2808 3205 14,

523 3247 591 3303 al.
634 3247 727 3320 Ep.
773 3243 1094 3316 CXXXVIII),
1139 3243 1281 3317 apud
1328 3261 1488 3316 quem
1536 3242 1628 3298 illa
1672 3243 1829 3298 verba
1871 3242 2145 3317 leguntur,
2192 3261 2254 3299 ea
2300 3262 2365 3299 ex
2394 3222 2654 3300 Sallustio
2699 3260 2809 3299 non

525 3348 820 3423 sumpsisse
863 3347 994 3403 satis
1038 3352 1249 3401 certum
1305 3352 1390 3399 est
1428 3352 1757 3423 propterea,
1804 3345 1948 3417 quod
2002 3362 2124 3401 cum
2166 3346 2331 3419 paulo
2374 3353 2532 3401 antea
2576 3347 2811 3420 scripto-

526 3468 638 3506 rem
685 3449 1034 3510 nominasset,
1076 3464 1187 3502 non
1232 3447 1392 3518 apud
1431 3462 1544 3509 eoa,
1597 3454 1681 3502 set
1723 3449 1884 3519 apud
1913 3464 2041 3503 eum
2086 3447 2167 3503 vel
2206 3450 2364 3503 illum
2409 3448 2655 3505 dicturus
2687 3449 2810 3504 suit.

527 3552 600 3607 Ex
645 3551 834 3606 eodem
876 3549 1062 3626 potius
1109 3545 1261 3603 fonte
1308 3548 1501 3635 hausta
1540 3565 1659 3604 esse
1695 3555 1859 3623 atque
1906 3546 2042 3622 quae
2078 3550 2389 3606 Lactantius
2435 3549 2565 3606 lust.
2614 3550 2682 3605 VI
2729 3560 2808 3613 10,

528 3662 597 3716 13
637 3671 756 3727 sqq.
789 3650 1039 3727 protulit,
1082 3650 1195 3705 veri
1227 3648 1430 3714 simile;
1475 3649 1749 3705 Ciceronis
1789 3667 1909 3706 esse
1952 3669 2198 3725 —equae
2244 3652 2348 3709 fuit
2383 3653 2504 3709 Maii
2540 3653 2810 3709 sententia

526 3744 706 3812 locum
743 3754 848 3809 Cic.
894 3753 944 3808 d.
985 3751 1116 3826 Rep.
1162 3749 1183 3805 I
1227 3742 1437 3815 25,’39
1481 3752 1560 3808 eis
1610 3751 2009 3809 referciundum
2053 3754 2325 3810 censentis
2370 3784 2443 3794 —
2492 3771 2605 3810 non
2640 3754 2812 3811 incer—

529 3865 660 3919 tum,
707 3872 893 3911 verum
937 3852 1268 3909 incredibile.
1356 3852 1464 3909 Nec
1505 3854 1701 3911 mirum
1747 3854 1875 3911 talia
1919 3855 1985 3910 ab
2029 3855 2264 3911 librariis
2310 3854 2364 3910 in
2395 3855 2618 3912 Sallusti
2652 3856 2811 3911 verba

525 3959 692 4015 inlata
732 3974 869 4018 3333,
911 3973 1033 4011 cum
1077 3955 1142 4011 ad
1185 3956 1482 4029 marginem
1524 3955 1677 4013 locos
1723 3973 1788 4011 ex
1829 3956 1948 4013 aliis
1998 3957 2359 4033 scriptoribus
2399 3965 2686 4033 excerptos
2722 3957 2814 4012 ad-

527 4061 763 4135 scriptos
809 4076 928 4115 esse
973 4064 1295 4132 conpertum
1340 4058 1633 4115 habeamus
1665 4057 1787 4135 (vid.
1826 4076 1991 4134 supra
2027 4059 2095 4115 de
2136 4052 2257 4133 m1).

697 4196 808 4253 Cat.
855 4214 900 4252 c.
952 4204 1016 4256 18
1059 4194 1271 4251 duobus
1316 4194 1451 4250 Iocis
1505 4193 1755 4251 mutilum
1802 4212 1923 4251 esse
1972 4211 2186 4259 censeo.
2275 4194 2513 4250 Primum
2556 4194 2702 4249 enim
2759 4194 2813 4251 in

489 4376 502 4385 ι
527 4299 706 4357 verbis
751 4301 804 4371 S.
844 4306 880 4359 3
915 4305 1047 4353 erat
1083 4298 1276 4353 eodem
1317 4303 1569 4369 tempore
1602 4297 1707 4353 Gn.
1731 4297 1887 4367 Piso,
1928 4298 2265 4353 adulescens
2306 4297 2527 4365 nobilia,
2557 4312 2813 4353 summae
