3042 4917
901 303 1527 352 comnu'rxrxonuu
1570 305 1713 350 cAr.
1756 303 1843 350 ιν.
2434 289 2517 354 63

223 462 296 522 al)
339 461 498 521 uncis
527 461 885 539 adpinge'ndis
915 481 1002 520 me
1028 462 1294 520 continui.
1356 462 1599 520 Transeo
1632 463 1697 518 ad
1730 461 1966 519 relicuos
2000 460 2170 518 locos.
2223 463 2335 520 Cat.
2366 471 2452 530 47,
2486 477 2513 528 1

223 569 507 642 docetque
541 565 754 624 uncinis
789 573 1040 622 notatum
1073 573 1174 627 est,
1215 572 1272 620 at
1300 581 1367 620 ne
1402 581 1468 620 eo
1515 565 1732 639 quidem
1770 564 1891 620 loco
1930 563 2225 638 quidquam
2264 565 2320 621 in
2358 567 2515 624 libris

224 670 473 743 optumis
514 669 793 724 variatum.
869 666 1025 736 Quod
1057 666 1106 722 si
1141 666 1436 740 diligenter
1470 684 1683 722 omnem
1726 665 1904 723 locum
1946 665 2388 734 consideraveris,
2434 671 2517 726 in-

225 770 584 828 tellecturum
639 776 692 825 te
745 786 864 825 esse
907 769 1098 830 credo,
1157 771 1345 825 omnia
1465 771 1488 823 i
1529 774 1689 840 qesta
1744 774 1915 824 erant
1954 771 2145 840 aperit
2197 786 2306 826 non
2350 790 2515 846 posse

224 890 340 928 non
385 871 583 928 referri
619 871 684 926 ad
729 870 1218 943 interrogationem
1263 871 1334 925 de
1377 871 1613 938 itinere,
1660 871 1731 925 de
1768 868 2008 938 litter-ia,
2045 878 2335 941 postremo
2378 878 2518 945 quid

223 981 332 1030 aut
377 991 495 1046 qua
541 976 612 1029 de
665 987 877 1028 caussa
917 974 1122 1028 consili
1159 971 1477 1038 habuisset,
1539 971 1605 1026 ad
1652 977 1713 1026 e’a
1771 988 1909 1044 quae
1949 979 2043 1034 48,-
2090 978 2124 1030 2
2169 973 2347 1030 fusius
2384 994 2515 1032 con-

223 1077 634 1137 memorantur;
694 1074 893 1148 quibus
951 1073 998 1130 si
1049 1074 1378 1146 adiungatur
1430 1072 1549 1128 sine
1606 1072 1721 1129 ullo
1770 1071 1983 1128 vinculo
2028 1089 2090 1128 se
2127 1077 2341 1145 paucis
2384 1085 2557 1135 ante.

223 1179 429 1235 diebus
473 1207 560 1218 -——
598 1179 658 1232 in
702 1193 772 1232 ea
811 1177 1206 1260 coniuratione
1248 1189 1402 1242 esse,
1465 1175 1751 1231 obscuram
1796 1191 1857 1229 ac
1909 1173 2182 1232 difficilem
2232 1177 2347 1233 fleri
2396 1197 2516 1237 ora-

227 1280 456 1340 tionem,
505 1278 652 1352 quod
697 1278 772 1334 ita
817 1278 972 1352 quasi
1017 1277 1362 1338 minuantur,
1410 1294 1549 1350 quae
1587 1275 1902 1357 Volturcius
1942 1278 2306 1350 responderit.
2384 1282 2515 1338 Cum

227 1380 406 1453 igitur
447 1380 578 1436 haec
619 1380 684 1436 ad
732 1397 811 1442 ea,
849 1396 992 1453 quae
1038 1386 1194 1434 antea
1242 1379 1620 1450 interrogatus
1665 1395 1785 1433 esse
1829 1376 2044 1439 dicitur,
2091 1378 2315 1454 insuper
2358 1383 2514 1439 adce-

221 1483 376 1545 dant,
429 1484 704 1553 docetque
747 1481 1044 1554 aptissume
1090 1480 1356 1536 adiectum
1400 1496 1522 1534 esse
1558 1480 1798 1553 adparet.
1896 1477 2081 1534 Simile
2126 1489 2209 1536 est
2248 1485 2515 1556 dicitque,

225 1584 379 1656 quod
417 1591 682 1656 quattuor
721 1582 856 1638 locis
893 1581 1008 1654 lug.
1055 1589 1150 1645 90.
1187 1589 1238 1640 2.
1290 1587 1412 1644 106,
1461 1589 1506 1639 1.
1544 1588 1595 1640 2.
1644 1587 1769 1644 112.
1811 1590 1835 1640 1
1892 1581 2109 1637 Cot-tius
2154 1590 2209 1638 et
2248 1584 2515 1642 Linkerus

225 1685 544 1740 eiciundum
587 1700 866 1740 censuere.
946 1685 1017 1738 At
1059 1684 1238 1757 primo
1279 1682 1408 1739 loco
1451 1684 1730 1754 dicitque,
1790 1684 1935 1756 quod
1974 1683 2041 1738 ab
2088 1682 2243 1740 libris
2285 1704 2514 1760 prorsus

225 1803 342 1842 non
387 1794 720 1861 suspectum,
764 1786 900 1841 adeo
943 1773 1326 1847 necessarium,
1385 1785 1645 1858 quoniam
1690 1801 1799 1841 non
1842 1784 1896 1839 id
1934 1787 2191 1850 refertur,
2236 1790 2383 1860 quod
2411 1789 2516 1846 Ma·

225 1889 347 1943 rius
387 1887 468 1943 eis
513 1903 652 1960 quae
685 1885 756 1941 Ἀ.
802 1885 960 1942 Manli
1003 1886 1272 1943 mandavit
1316 1886 1610 1950 addiderit,
1657 1894 1741 1942 set
1789 1886 1935 1960 quod
1974 1886 2214 1960 evulgari
2262 1889 2511 1956 voluerit,

227 2007 344 2062 quo
407 1989 684 2062 inceptum
735 2006 895 2045 suum
951 1988 1333 2044 occultaretur.
1428 1988 1543 2060 lug.
1595 1995 1716 2050 106.
1774 1997 1797 2047 l
1854 1995 2034 2044 autem
2088 2007 2215 2046 num
2267 1993 2515 2064 dicitque

228 2098 551 2164 suspectum
589 2090 650 2146 fit
692 2108 758 2146 eo
807 2090 953 2163 quod
995 2091 1050 2144 in
1095 2090 1215 2146 solo
1260 2109 1296 2165 γ
1339 2091 1601 2162 dixitque
1640 2089 1873 2162 legitur,
1917 2097 2013 2145 aut
2054 2091 2199 2164 quod
2244 2109 2329 2167 ap.
2362 2093 2509 2150 Serv.

227 2192 296 2248 ad
354 2192 516 2264 Verg.
573 2193 704 2248 Aen.
751 2193 795 2247 V
848 2200 952 2252 540
1001 2192 1268 2265 scriptum
1319 2194 1580 2264 appellat
1632 2193 1719 2248 vel
1774 2192 1909 2246 dicit
1948 2194 2042 2248 vel
2090 2195 2346 2249 salutat?
2429 2198 2513 2252 An
2556 2245 2562 2252 .
2649 2169 2667 2184 ⁰

229 2295 480 2368 ineptum
525 2301 638 2356 est,
697 2294 748 2349 id
814 2294 960 2368 quod
1005 2293 1201 2356 Volux,
1254 2303 1547 2368 postquam
1602 2293 1669 2349 ab
1714 2291 1861 2349 Sulla
1916 2292 2188 2366 adpellato
2230 2297 2411 2353 aditus
2464 2300 2515 2354 ei

227 2396 392 2451 datus
426 2403 527 2458 est,
571 2395 843 2470 exposuit,
879 2413 1001 2452 cum
1031 2394 1196 2450 verbo
1227 2395 1440 2452 dicendi
1469 2395 1726 2468 adiungi?
1797 2393 1951 2461 Quod
1988 2403 2167 2451 autem
2193 2397 2357 2470 paulo
2388 2408 2516 2473 post

231 2497 489 2570 sequitur
531 2515 726 2554 rursus
764 2499 1028 2570 dicitque,
1075 2514 1141 2552 an
1186 2498 1456 2572 scriptore
1494 2497 1775 2570 indignum
1812 2497 1933 2552 est?
2010 2496 2345 2572 Quamquam
2380 2501 2515 2558 mul-

171 2655 181 2666 ,
232 2607 323 2654 tos
371 2599 424 2655 id
470 2616 582 2655 non
624 2615 984 2656 concessuros
1027 2615 1206 2673 neque
1254 2616 1617 2673 persensuros
1660 2599 1851 2660 credo,
1913 2606 2090 2655 tamen
2130 2599 2299 2656 libere
2339 2602 2512 2662 dicam

230 2701 366 2756 mihi
405 2717 620 2758 omnem
665 2718 784 2756 rem
824 2701 905 2757 uti
949 2709 1104 2774 gesta
1146 2709 1293 2757 esset
1335 2701 1631 2775 depingere
1670 2699 1907 2756 voluisse
1948 2700 2265 2760 Sallustium
2319 2705 2512 2773 videri;

231 2802 330 2858 illo
372 2805 624 2874 dicitque
668 2803 922 2859 adiuncto
977 2821 1081 2858 nos
1137 2802 1292 2876 quasi
1339 2803 1511 2859 oculis
1556 2820 1779 2858 cernere
1824 2803 2201 2861 adcurrentem
2241 2805 2513 2872 Volucem,

229 2921 364 2977 prae
404 2921 605 2978 pavore
645 2921 828 2960 vocem
863 2905 1112 2961 emittere
1143 2912 1527 2978 nequeuntem,
1564 2903 1799 2978 denique
1830 2903 2079 2961 conlecto
2110 2923 2172 2962 ac
2192 2907 2511 2966 confirmato

230 2979 587 3078 animo‘quid
630 3006 950 3079 cognoverit
999 3013 1376 3080 exponentem.
1459 3006 1584 3062 Pari
1628 3005 1789 3061 modo
1842 3012 1969 3067 112;
2016 3015 2068 3068 1,
2115 3009 2369 3080 quoniam
2410 3011 2513 3067 hoc

229 3107 464 3164 dicitur:
520 3107 757 3182 adpellat
811 3116 868 3163 et
917 3126 1042 3164 cum
1100 3107 1337 3164 venisset
1386 3108 1546 3171 dicit,
1598 3109 1844 3178 dicitque
1890 3107 2297 3164 defendundum
2355 3119 2509 3184 puto.

227 3210 518 3266 Postremo
563 3209 679 3283 Ing.
719 3215 804 3272 71,
837 3219 898 3269 5:
940 3209 1284 3281 Iu9urtham
1325 3211 1609 3281 placandi
1642 3210 1838 3281 qratia
1880 3211 2133 3270 adcedtt:
2174 3212 2325 3274 dicit,
2366 3229 2515 3284 quae

226 3314 354 3382 ipse
385 3313 722 3382 paravisset
743 3309 967 3383 facere,
1005 3313 1260 3394 persidia
1285 3313 1635 3374 clientis‚sui
1668 3317 1985 3381 praeventa
1995 3332 2016 3371 ,·
2056 3313 2391 3370 lacrumans
2420 3317 2513 3372 ob·

231 3419 482 3469 testatur
527 3427 638 3484 per
681 3415 988 3469 amicitiam
1034 3420 1138 3468 cet.
1195 3413 1486 3470 Linkernm
1532 3420 1679 3469 recte
1727 3415 1865 3470 dicit
1906 3413 1961 3468 in
2010 3415 2377 3488 suspicionem
2420 3437 2514 3475 vo-

230 3531 384 3570 casse
437 3531 505 3570 eo
563 3515 744 3572 minus
797 3515 930 3572 mihi
982 3515 1308 3589 persuadeo,
1368 3516 1514 3588 quod
1570 3514 1827 3588 quoniam
1895 3514 2147 3573 ultimum
2214 3520 2514 3578 membrum

229 3634 392 3673 suum
429 3615 654 3672 verbum
693 3617 857 3673 habet
889 3618 1218 3686 obtestatur,
1257 3616 1611 3691 aequabilitas
1650 3617 1878 3691 periodi,
1920 3624 1982 3672 ut
2022 3619 2255 3677 alterum
2298 3639 2365 3678 eo
2404 3639 2515 3679 non

231 3725 432 3782 careat,
474 3717 738 3792 postulat,
785 3735 884 3776 nec
923 3718 1069 3792 quod
1109 3719 1163 3775 in
1195 3719 1235 3773 Τ
1280 3720 1419 3774 dicit
1465 3719 1743 3782 omissum,
1790 3719 1845 3774 in
1883 3720 2069 3794 paucis
2102 3722 2348 3794 dicitque
2382 3724 2515 3780 scri·

233 3828 390 3894 ptum
423 3827 528 3882 est,
569 3820 700 3876 satis
738 3827 824 3876 est
867 3821 931 3877 ad
973 3821 1392 3876 confirmandam
1437 3821 1821 3895 suspicionem.
1904 3821 1997 3876 His
2042 3803 2322 3878 locis'non
2356 3842 2515 3898 pror·—

233 3941 328 3978 sns
361 3921 644 3978 dissimilis
675 3921 782 3978 'est
823 3922 933 3978 Cat.
977 3929 1072 3985 45,
1118 3930 1154 3981 2
1211 3921 1426 3977 Flacco
1472 3930 1530 3978 et
1564 3955 1643 3964 --
1692 3924 1994 3995 Pomptino
2036 3927 2295 4007 inperat,
2350 3933 2413 3981 ut
2454 3931 2515 3983 in

227 4031 406 4096 ponte
445 4023 664 4080 Mulvio
696 4038 810 4095 per
851 4025 1094 4081 insidias
1135 4025 1500 4097 Allobroqum
1544 4027 1846 4082 comitatus
1886 4027 2324 4097 deprehendant
2330 4049 2351 4089 ‚·
2393 4045 2514 4086 rem

236 4141 454 4182 omnem
499 4127 718 4197 aperit,
773 4126 938 4182 cuius
970 4127 1166 4198 qratia
1194 4128 1599 4184 mittebantur.-
1651 4134 1847 4182 cetera
1900 4129 1989 4182 uti
2035 4127 2197 4200 facto
2246 4146 2393 4201 opus
2441 4135 2517 4188 sit

231 4229 314 4282 ita
357 4235 540 4299 ayant
570 4229 868 4299 permittit.
945 4228 1042 4285 Illi
1080 4229 1336 4285 homines
1367 4231 1646 4285 militares
1683 4236 1786 4285 cet.
1870 4229 2007 4284 Num
2043 4231 2322 4301 permittit
2368 4232 2517 4306 glos—

233 4345 380 4384 sema
419 4345 542 4385 esse
589 4328 712 4384 inde
756 4329 873 4385 iure
915 4329 1298 4394 concludatur,
1357 4333 1503 4405 quod
1560 4332 1809 4407 plerique
1861 4330 1989 4388 libri
2037 4331 2219 4388 locum
2268 4334 2342 4390 ita
2386 4354 2517 4394 con—
