3042 4917
548 256 587 317 2
1267 253 1876 323 connnn'm'rmnon
1917 276 2058 319 cAP.
2108 278 2151 319 1.

544 434 736 503 potius
772 449 945 503 quam
979 434 1122 489 bello
1157 435 1499 506 disceptare,
1545 435 1611 490 de
1663 434 1860 509 quibus
1905 449 2228 506 quamquam
2272 432 2340 488 ab
2384 431 2712 489 relicuorum
2759 433 2837 487 vi-

549 551 737 591 rorum
782 536 1070 590 doctorum
1112 536 1383 592 sententia
1422 537 1700 593 divorsum
1743 542 1854 598 est,
1913 542 2093 591 tamen
2147 535 2276 608 quid
2325 534 2459 589 mihi
2503 536 2836 591 censendum

544 636 791 691 videatur
830 637 1021 693 dicam.
1120 638 1195 694 Ac
1251 638 1487 712 primum
1521 638 1738 711 quidem
1785 654 1846 693 ea
1905 636 2047 692 salva
2085 636 2358 692 sententia
2415 636 2606 691 abesse
2650 654 2834 711 posse,

544 754 701 793 nemo
752 738 910 794 facile
967 738 1165 794 infitias
1211 739 1337 801 ibit,
1398 740 1503 801 nisi
1549 740 1695 795 forte
1741 738 1863 813 quis
1908 746 2096 812 negat,
2149 747 2424 801 senatum,
2481 739 2527 793 si
2572 756 2710 812 quos
2766 739 2835 794 ab

541 840 705 895 armis
740 840 1020 896 discedere
1066 840 1263 903 iubeat,
1310 859 1431 898 sese
1474 842 1542 897 de
1575 858 1764 897 eorum
1808 840 2204 897 controvorsiis
2244 840 2481 897 iudicare
2513 840 2652 895 velle
2683 839 2834 896 lucu-

540 941 719 997 lenter
750 949 805 997 et
837 941 1125 1015 perspicue
1154 937 1351 1000 dicere.
1440 942 1559 1010 Quo
1606 941 1822 998 tollitur
1865 941 2057 999 Kritzii
2097 942 2393 1004 dubitatio,
2441 944 2534 1015 qui
2580 942 2626 997 si
2669 942 2833 998 verba

539 1042 633 1097 illa
678 1043 947 1105 abessent,
992 1045 1075 1099 ita
1097 1059 1270 1116 seque
1302 1046 1526 1117 illisque
1554 1046 1786 1117 diynum
1817 1060 1940 1099 esse
1968 1061 2080 1099 non
2107 1044 2319 1099 habere
2349 1044 2501 1105 dixit,
2547 1060 2657 1117 quo
2695 1044 2831 1099 satis

540 1145 821 1200 commode
857 1143 1214 1201 referrentur.
1290 1146 1471 1220 Atque
1504 1154 1566 1202 ut
1598 1146 1812 1203 mittam
1842 1162 1939 1202 eos
1965 1144 2135 1209 locOS,
2183 1144 2240 1201 in
2271 1144 2468 1218 quibus
2495 1146 2832 1217 disceptatio

539 1246 644 1319 ipsi
692 1247 833 1302 bello
894 1246 1146 1321 obposita
1208 1256 1291 1304 est
1349 1246 1642 1321 (Drakenb.
1703 1249 1768 1305 ad
1811 1248 1922 1303 Liv.
1969 1244 2214 1302 XXXVIII
2251 1254 2347 1309 35,
2405 1246 2560 1301 Beier
2610 1246 2677 1301 ad
2721 1246 2828 1301 Cic.

539 1348 589 1403 d.
630 1349 719 1403 off.
766 1346 787 1402 I
825 1346 953 1421 34),
1010 1350 1145 1421 duo,
1194 1351 1251 1407 in
1298 1350 1496 1425 quibus
1543 1351 1686 1405 bello
1737 1350 1820 1405 vel
1877 1351 2058 1405 armis
2103 1350 2438 1419 disceptare
2474 1348 2677 1403 dictum
2723 1354 2824 1411 est,

537 1450 684 1505 Caes
732 1449 782 1504 b.
816 1468 862 1505 c.
910 1449 973 1504 III
1024 1457 1118 1511 107
1165 1454 1409 1507 ostendit
1434 1453 1544 1508 sibi
1573 1454 1810 1523 placere
1843 1467 2034 1523 reqem
2073 1451 2463 1507 Ptolemaeum
2499 1457 2670 1523 atque
2705 1451 2830 1505 eius
2923 1466 2932 1474 ·

535 1567 791 1607 sororem
824 1552 1187 1623 Cleopatram
1217 1556 1528 1622 exereitus,
1563 1570 1704 1626 quos
1732 1554 2028 1619 haberent,
2073 1553 2355 1607 dimittere
2399 1557 2454 1607 et
2491 1554 2560 1607 de
2599 1557 2826 1607 contro-

538 1655 740 1709 versiis
783 1656 909 1709 iure
952 1656 1114 1727 apud
1152 1671 1213 1710 se
1252 1657 1449 1726 potius
1480 1673 1652 1728 quam
1693 1658 1844 1711 inter
1893 1670 1954 1710 se
1998 1657 2178 1709 armis
2215 1656 2572 1725 disceptare,
2617 1662 2671 1709 et
2713 1653 2824 1708 Liv.

535 1754 780 1809 XXXVIII
824 1762 908 1818 38,
954 1762 1019 1817 17
1063 1760 1487 1815 controversias
1514 1760 1670 1813 inter
1709 1773 1770 1813 se
1813 1758 1942 1812 iure
1993 1774 2063 1811 ac
2101 1757 2308 1811 iudicio
2339 1757 2682 1827 disceptent,
2725 1763 2826 1810 aut

533 1858 586 1911 si
622 1837 881 1929 utrisque
912 1860 1194 1929 placebit,
1238 1861 1411 1931 bello,
1474 1859 1542 1915 ab
1594 1858 1818 1915 Sallusti
1875 1858 1998 1914 loco
2051 1856 2333 1931 paululum
2394 1866 2569 1912 tamen
2621 1857 2824 1911 divorsi

534 1966 695 2020 sunt,
753 1958 841 2014 hic
900 1960 1046 2033 quod
1090 1961 1331 2016 membra
1380 1960 1649 2017 disiuncta
1695 1968 1848 2023 sunt,
1913 1959 2005 2015 ille
2053 1959 2200 2033 quod
2243 1960 2440 2015 Caesar
2483 1977 2605 2015 sese
2645 1959 2824 2033 ipsum

530 2061 595 2116 de
648 2059 944 2117 Ptolemaei
1006 2070 1062 2118 et
1106 2063 1424 2137 Cleopatrae
1464 2063 1694 2119 discidio
1744 2062 2012 2125 iudicare,
2071 2078 2180 2116 non
2227 2060 2346 2123 alii,
2405 2062 2619 2117 senatui
2663 2062 2823 2117 crede

530 2170 624 2217 aut
667 2164 874 2237 populo
921 2182 1163 2227 romano,
1208 2166 1462 2223 iudicium
1507 2166 1828 2239 permittere
1871 2164 2026 2225 velle,
2070 2163 2379 2219 necessario
2425 2164 2619 2220 addere
2659 2162 2822 2218 debe-

529 2263 649 2327 bat,
700 2266 841 2338 apud
890 2265 1207 2322 Sallustium
1253 2275 1475 2322 senatus
1520 2267 1572 2321 id
1620 2268 1875 2323 omittere
1919 2265 2120 2339 potuit,
2209 2264 2316 2319 Iam
2360 2282 2482 2321 cum
2521 2280 2643 2319 eum
2691 2265 2822 2319 scri·

529 2374 744 2438 ptorem
804 2366 871 2421 31)
922 2368 1099 2423 doctis
1154 2366 1521 2441 grammaticis
1581 2375 1869 2423 tractatum
1927 2375 1981 2422 et
2044 2366 2368 2440 explicatum
2417 2384 2536 2423 esse
2585 2374 2818 2425 constet.

528 2484 629 2523 nec
684 2468 863 2524 minus
918 2486 985 2525 ex
1036 2487 1226 2525 eorum
1277 2469 1811 2526 conmentationibus
1876 2467 2173 2524 nonnullos
2245 2468 2397 2523 locos
2456 2466 2819 2541 interpolatos

528 2585 651 2623 esse
696 2568 829 2623 satis
866 2577 1014 2626 certa
1060 2571 1289 2643 vestigia
1336 2571 1654 2634 ostendant,
1713 2588 1916 2644 quaero
1974 2577 2158 2625 utrum
2210 2569 2324 2624 veri
2371 2569 2604 2625 similius
2643 2570 2820 2624 videa-

530 2678 649 2731 tur,
706 2668 947 2742 glossam
1000 2671 1067 2726 ab
1114 2672 1277 2729 docto
1327 2652 1681 2745 grammatico
1728 2673 1794 2728 ad
1840 2690 1962 2728 eum
2004 2672 2214 2733 locum,
2270 2672 2362 2743 qui
2409 2688 2538 2726 sane
2588 2671 2819 2745 explica·

529 2772 679 2827 tione
720 2789 883 2845 cgere
926 2772 1232 2836 videretur,
1272 2776 1601 2849 adscriptam
1635 2774 1702 2830 31)
1747 2775 1854 2837 eis,
1901 2774 1993 2847 qui
2029 2774 2370 2849 posteriores
2415 2781 2470 2827 et
2513 2772 2818 2828 deteriores

525 2872 699 2929 libros
734 2874 1143 2949 conscripsere,
1187 2876 1495 2933 inconsulte
1541 2876 1598 2933 in
1635 2877 1798 2933 verba
1835 2876 2124 2949 scriptoris
2164 2875 2383 2930 inlatam
2429 2890 2579 2935 esse,
2624 2891 2716 2937 an,
2763 2874 2816 2929 id

526 2977 673 3051 quod
729 2976 945 3033 Curtius
1002 2986 1301 3051 auguratus
1358 2987 1470 3041 est,
1531 2996 1776 3035 errorem
1832 2978 2070 3041 librarii,
2131 2977 2223 3051 qui
2277 2976 2344 3032 ab
2403 2978 2697 3032 discedere
2751 2976 2816 3031 ad

522 3080 848 3151 disceptare
900 3080 1289 3143 aberravisset,
1343 3098 1445 3155 per
1490 3098 1678 3137 omnes
1728 3081 1900 3137 libros
1955 3078 2374 3134 vetustissumos
2431 3086 2596 3151 atque
2657 3084 2817 3152 optu-

523 3200 641 3239 mos
678 3190 1043 3257 propagatum
1093 3186 1250 3239 esse?
1299 3184 1628 3257 praesertim
1681 3200 1806 3239 cum
1851 3200 1912 3237 ea
1969 3181 2132 3237 verba
2176 3180 2234 3235 in
2287 3180 2406 3238 aliis
2451 3180 2605 3235 libris
2651 3179 2814 3253 paulo

520 3284 915 3340 vetustioribus
952 3284 1018 3339 ad
1062 3285 1363 3357 marginem
1411 3286 1618 3359 scripta
1655 3284 2017 3359 reperiantur,
2056 3296 2158 3338 nec
2202 3282 2296 3356 qui
2342 3300 2402 3337 33
2436 3282 2490 3336 in
2535 3290 2686 3337 textu
2725 3299 2815 3335 ex·

520 3383 759 3447 hibeant,
806 3385 875 3440 ab
916 3384 1137 3440 relicuis
1183 3386 1258 3440 ita
1302 3386 1507 3441 divorsi
1557 3388 1705 3449 sint,
1763 3386 1842 3441 uti
1891 3403 1988 3441 eos
2033 3403 2097 3439 ex
2151 3384 2414 3457 singulari
2459 3383 2690 3456 quodam
2729 3399 2814 3437 ar-

518 3485 753 3559 chetypo
802 3486 1193 3561 transscriptos
1236 3505 1355 3543 esse
1394 3506 1515 3543 cum
1560 3489 1740 3562 aliqua
1785 3488 1897 3542 veri
1943 3466 2135 3560 specie*
2167 3487 2482 3542 contendas.

686 3585 833 3653 Quae
876 3604 997 3643 cum
1041 3588 1115 3643 ita
1164 3589 1304 3651 sint,
1352 3590 1654 3651 librorum,
1709 3588 1802 3662 qui
1851 3588 2134 3644 Catilinam
2175 3594 2231 3643 et
2277 3587 2591 3660 lugurtham
2637 3587 2813 3641 conti—

517 3695 665 3749 nent,
713 3688 845 3745 haec
886 3690 990 3743 tria
1030 3706 1232 3761 genera
1252 3708 1397 3746 -esse
1443 3692 1652 3747 iudico:

686 3790 920 3864 primum
962 3808 1183 3854 eorum,
1232 3792 1323 3865 qui
1370 3810 1549 3866 neque
1593 3791 1706 3866 Iug.
1751 3799 1846 3856 44,
1889 3801 1921 3853 5
1972 3791 2134 3847 verba
2179 3806 2361 3862 neque
2405 3792 2813 3847 muniebantur

515 3908 584 3947 ea
623 3892 825 3949 habent
868 3900 923 3947 et
966 3894 1023 3949 in
1052 3912 1119 3950 eo
1163 3893 1307 3949 libro
1350 3902 1593 3951 extremo
1630 3895 1807 3968 ampla
1847 3894 1939 3949 illa
1979 3894 2168 3949 lacuna
2207 3892 2384 3948 mutili
2429 3902 2574 3956 sunt,

685 3993 917 4052 alterum
962 4013 1169 4060 eorum,
1212 3996 1303 4069 qui
1350 3997 1486 4052 hanc
1532 3996 1774 4053 lacunam
1821 3995 2122 4069 explevere,

689 4098 908 4166 tertium
934 4114 1139 4161 eorum,
1167 4098 1259 4171 qui
1284 4098 1444 4153 etiam
1468 4098 1582 4171 lug.
1615 4105 1700 4161 44,
1733 4108 1764 4158 5
1795 4114 1980 4171 neque
2001 4098 2405 4153 muniebantur
2439 4114 2508 4152 ea
2533 4097 2806 4152 exhibent.

682 4198 789 4255 Iam
842 4218 937 4256 eos
977 4200 1182 4264 libros,
1212 4219 1369 4281 'quos
1428 4201 1686 4273 quoniam
1741 4201 2051 4256 adcuratius
2095 4200 2328 4273 cognovi
2380 4200 2444 4254 ad
2503 4200 2641 4255 hanc
2696 4198 2808 4255 edi-

516 4299 719 4355 tionem
765 4302 1126 4357 adornandam
1174 4302 1413 4363 adhibui,
1458 4303 1782 4358 describam.
