3042 4917
480 265 501 325 1
521 261 601 324 20
1174 281 1782 328 counuwm'rmnun
1836 281 1980 324 CAP.
2023 283 2082 325 v.
2787 321 2827 354 o

476 438 715 496 comicos
760 438 838 494 sic
886 436 1087 494 dixisse
1139 441 1377 495 noxiam
1430 440 1691 496 amittere
1747 437 1998 511 (Terent.
2041 438 2174 497 Eun.
2220 445 2326 502 852
2382 457 2560 496 unam
2595 442 2792 510 hanc·

477 543 715 598 noxiam
744 542 967 597 aniitte:
1006 543 1057 596 si
1084 542 1258 597 aliam
1290 543 1576 598 admisero
1606 558 1897 613 umquam,
1930 543 2212 616 occidito).
2299 541 2445 616 Ergo
2494 543 2600 602 hoc
2633 562 2776 617 quo-

480 661 586 718 que
630 643 753 700 loco
798 660 902 718 pro
948 642 1307 701 insolentiore
1352 645 1610 702 usitatius
1655 643 1914 708 librarios
1957 645 2267 703 restituisse
2313 645 2554 719 adparet.

648 780 765 856 lug.
806 789 891 843 35,
938 787 973 840 3
1015 781 1271 854 quoniam
1316 781 1495 856 aptius
1534 780 1816 836 videbatur
1857 781 2148 838 Minucium
2200 782 2380 856 ipsum
2428 783 2611 838 omnia
2653 799 2776 838 mo-

476 903 603 941 vere
638 885 874 940 voluisse
917 882 1023 938 dici
1067 899 1242 957 neque
1286 901 1363 945 ea,
1412 901 1549 957 quae
1591 884 1670 939 sic
1714 883 1974 947 nascitur,
2021 885 2450 940 constructionis
2494 884 2776 941 difficilior

478 988 621 1044 ratio
660 986 727 1042 ab
764 963 986 1041 Sallusti
1032 985 1253 1058 ingenio
1300 985 1472 1042 aliena
1519 983 1639 1057 (cfr.
1685 984 1800 1058 lug.
1840 993 1918 1047 14,
1959 994 2036 1048 16.
2088 995 2202 1049 101,
2243 985 2316 1059 5),
2361 1004 2486 1043 cum
2531 988 2774 1062 optumis

479 1086 635 1146 libris
680 1103 907 1145 movere
953 1105 1115 1162 quam
1149 1104 1270 1143 cum
1314 1087 1681 1144 deterioribus
1726 1089 1943 1144 moveri
1969 1089 2208 1145 scribere
2251 1088 2433 1144 11131111.

649 1207 816 1276 Quem
870 1209 937 1265 ad
994 1207 1214 1264 modum
1266 1223 1426 1281 saepe
1474 1206 1952 1280 grammaticorum
2011 1213 2066 1262 et
2135 1207 2464 1281 scriptorum
2525 1191 2776 1264 veterum

425 1365 431 1370 .
480 1310 810 1367 testimoniis
856 1310 979 1385 plus
1026 1327 1186 1382 quam
1224 1307 1491 1364 librorum
1524 1308 1814 1382 scripturis
1853 1307 1973 1364 iure
2007 1309 2315 1382 meritoque
2346 1309 2478 1366 1111111
2515 1303 2778 1366 tribuisse

479 1413 668 1468 videor
720 1411 899 1486 (velut
951 1410 1064 1484 lug.
1123 1417 1225 1473 36,
1287 1416 1320 1469 2
1374 1411 1669 1480 ludificari
1725 1428 1789 1465 ex
1847 1407 1968 1465 solo
2027 1411 2294 1468 Arusiano
2353 1413 2566 1486 scripsi.
2656 1412 2775 1486 lug.

480 1520 567 1578 72,
616 1521 649 1572 2
692 1514 955 1570 Prisciani
998 1520 1381 1584 experrectus
1434 1512 1639 1585 aliquid
1693 1511 2018 1568 munimenti
2067 1513 2133 1568 ab
2193 1515 2464 1588 scriptura
2518 1514 2558 1584 P
2599 1531 2777 1570 etcer-

480 1619 629 1674 citus
672 1615 917 1689 accipere
961 1613 1212 1686 videtur),
1254 1615 1331 1670 sic
1376 1614 1615 1670 Linkero
1668 1612 1872 1688 (praef.
1918 1632 1972 1687 p.
2009 1613 2105 1688 XI)
2151 1616 2424 1684 adsensus
2462 1635 2610 1680 sum,
2658 1617 2776 1690 lug.

480 1723 565 1780 37,
610 1723 646 1776 4
686 1735 750 1773 ex
794 1716 979 1773 Senec.
1026 1715 1120 1790 Ep.
1170 1722 1285 1778 114,
1338 1722 1399 1777 19
1445 1716 1827 1772 hiemantibus
1864 1717 2172 1790 reponenti.
2260 1717 2445 1792 Neque
2487 1719 2633 1774 enim
2665 1718 2780 1774 ulla

479 1837 671 1877 caussa
713 1827 798 1876 est
840 1837 938 1876 cur
980 1836 1043 1874 ex
1085 1818 1341 1874 Historiis
1393 1817 1579 1892 potius
1633 1815 1938 1892 exemplum
1998 1817 2132 1874 illud
2190 1828 2467 1894 sumptum
2512 1838 2635 1878 esse
2682 1839 2781 1876 au-

481 1929 768 1984 tumemus,
818 1939 977 1995 quam
1024 1921 1089 1977 ad
1120 1919 1263 1976 hunc
1286 1919 1467 1976 locum
1502 1919 1738 1976 Senecae
1776 1919 1937 1976 verba
1968 1921 2248 1994 pertinere
2283 1930 2555 1996 putemus,
2598 1940 2781 1996 eoque

480 2023 657 2082 minus
695 2040 816 2081 cum
861 2021 1121 2080 credibile
1162 2022 1235 2077 sit
1290 2021 1672 2094 grammaticos
1731 2020 2078 2077 insolentiam
2137 2024 2392 2081 dictionis
2439 2025 2780 2081 emendando

483 2125 678 2184 tollere
722 2124 980 2182 voluisse.
1070 2123 1136 2178 Et
1177 2123 1390 2179 videtur
1435 2121 1726 2179 Sallustius
1770 2123 2072 2196 exprimere
2112 2125 2379 2182 voluisse:
2434 2127 2594 2201 aquis
2638 2144 2782 2201 quae

480 2236 595 2285 tum
634 2245 734 2303 per
776 2227 1003 2283 hiemem
1050 2225 1123 2281 ibi
1156 2232 1447 2300 'perpetuo
1505 2224 1824 2288 manebant,
1883 2242 1995 2282 non
2051 2226 2386 2302 defluebant,
2447 2246 2780 2303 quamquam

479 2330 773 2387 Arruntius
812 2328 972 2384 aliter
1014 2326 1239 2403 accepit.
1302 2357 1375 2367 —
1435 2325 1544 2383 Nec
1594 2344 1786 2382 vereor
1843 2343 1911 2383 ne
1961 2327 2016 2383 in
2075 2326 2534 2403 vituperationem
2585 2347 2780 2387 eorum

482 2434 782 2492 incurram,
830 2431 922 2505 qui
980 2430 1109 2503 quid
1171 2429 1313 2485 ratio
1361 2427 1607 2504 postulet
1663 2436 1910 2491 teneant,
1969 2430 2116 2502 quod
2161 2437 2244 2494 38,
2293 2439 2325 2492 9
2383 2437 2605 2487 teneret
2648 2451 2781 2506 pro-

480 2535 604 2609 prio
674 2532 847 2604 magis
918 2538 1091 2587 marte
1154 2548 1315 2603 quam
1373 2530 1499 2586 libri
1556 2530 1592 2585 h
1647 2530 1921 2604 praesidio
1977 2532 2165 2589 refinxi
2209 2525 2281 2606 1).
2382 2533 2451 2588 At
2521 2535 2781 2590 audacius

480 2633 780 2695 videbitur,
842 2633 984 2708 quod
1034 2649 1101 2688 00
1141 2632 1319 2705 capite
1362 2641 1604 2691 extremo
1650 2633 1850 2687 mortis
1892 2640 2101 2690 metum
2145 2637 2520 2691 intuebantur
2565 2637 2782 2711 scripsi.

484 2735 576 2793 Set
620 2735 881 2809 quidquid
933 2734 1035 2789 viri
1079 2733 1227 2792 docti
1272 2735 1337 2789 ad
1381 2733 1781 2790 defendundum
1827 2739 2202 2792 mutabantur
2246 2735 2537 2809 (Lechner.
2581 2738 2782 2812 Progr.

402 2886 415 2890 -
482 2839 593 2894 Hos
628 2845 765 2898 1828
814 2856 867 2911 p.
930 2843 994 2897 18
1048 2833 1201 2910 sqq.)
1254 2835 1339 2892 vel
1395 2837 1530 2892 adeo
1593 2839 1891 2895 mutabant
1958 2838 2339 2912 protulerunt,
2395 2839 2784 2896 artificiosiora

484 2958 642 3016 quam
678 2940 954 3014 apertiora
990 2957 1050 2997 ac
1094 2938 1428 3013 simpliciora
1468 2957 1606 3003 esse,
1655 2940 1760 2995 nisi
1798 2941 1891 3014 qui
1923 2940 2320 3015 praeiudicatas
2364 2942 2654 3014 opiniones
2689 2960 2783 2998 ,30-

484 3045 577 3118 qui
622 3042 789 3106 malit,
836 3059 995 3098 nemo
1036 3041 1272 3114 negabit.
1362 3039 1437 3096 Ex
1484 3041 1750 3098 librorum
1791 3049 1972 3098 autem
2007 3043 2296 3117 scripturis
2330 3042 2464 3098 nihil
2495 3045 2561 3100 ad
2599 3043 2783 3101 locum

482 3147 777 3203 sanandum
817 3145 932 3220 peti
977 3161 1158 3219 posse,
1208 3161 1345 3217 quae
1390 3143 1648 3200 exhibent
1693 3152 1789 3200 aut
1833 3151 2100 3218 conrupta
2135 3161 2256 3201 esse
2285 3153 2378 3201 aut
2413 3145 2779 3210 coniecturaS,

482 3248 637 3306 facile
670 3249 908 3322 adparet.
979 3247 1072 3302 Set
1102 3263 1226 3302 cum
1255 3246 1505 3320 plerique
1551 3252 1606 3302 et
1649 3247 2022 3302 vetustissumi
2054 3245 2428 3303 mutaban'tur
2470 3248 2780 3312 exhibeant,

480 3351 587 3407 hoc
630 3350 685 3404 in
724 3350 1022 3422 archetypo
1069 3349 1239 3404 fuisse
1287 3345 1524 3420 indeque
1569 3347 1626 3403 in
1663 3349 1994 3404 emendando
2039 3350 2366 3405 ordiundum
2413 3367 2534 3406 esse
2569 3358 2781 3407 certum

484 3459 584 3506 est.
676 3449 956 3505 Sententia
1000 3449 1129 3523 quid
1175 3449 1401 3521 flagitet,
1439 3466 1553 3506 11011
1601 3449 1919 3507 obscurum:
1966 3451 2159 3506 mortis
2201 3446 2350 3506 met'u
2397 3468 2492 3506 eos
2530 3452 2781 3526 inpulsos

483 3568 604 3608 esse
648 3559 709 3606 ut
752 3568 941 3624 graves
973 3569 1034 3607 ac
1082 3558 1271 3624 turpes
1310 3550 1604 3624 Iugurthae
1649 3552 1994 3608 conditiones
2038 3551 2366 3625 acciperent.
2453 3551 2569 3618 Qua
2600 3571 2660 3609 re
2691 3555 2781 3610 diu

482 3653 758 3716 haesitavi,
804 3669 985 3708 annon
1014 3653 1293 3709 Nazariani
1324 3654 1692 3710 motabantur
1727 3654 2068 3728 probandum
2103 3660 2266 3715 esset,
2315 3660 2398 3708 set
2429 3652 2602 3710 abieci
2636 3657 2780 3728 quod

482 3757 533 3814 id
566 3757 786 3813 verbum
819 3755 991 3828 magis
1032 3749 1139 3811 huc
1183 3763 1238 3810 et
1281 3755 1411 3812 111110
1455 3754 1662 3832 pellere
1695 3773 1855 3829 quam
1900 3756 1965 3812 ad
1999 3754 2202 3828 aliquid
2251 3752 2566 3829 conpellere
2612 3757 2781 3830 signi-

480 3859 619 3915 ficat.
708 3858 821 3927 Qua
856 3875 916 3914 re
956 3875 1017 3914 ea
1063 3876 1221 3932 quam
1266 3857 1534 3933 proposui
1571 3857 1876 3914 emendatio
1921 3857 2054 3914 mihi
2097 3856 2325 3931 placuit,
2377 3875 2498 3913 cum
2540 3874 2654 3913 non
2693 3877 2782 3914 so-

480 3960 593 4018 lum
637 3959 938 4017 sententiae
982 3961 1313 4024 conveniret,
1373 3965 1461 4016 set
1506 3959 1667 4015 etiam
1731 3959 1888 4015 facile
1954 3976 2138 4015 ansam
2181 3959 2577 4032 conrumpendi
2624 3977 2781 4032 prae-

483 4062 667 4119 buisse
722 4063 1013 4136 videretur.
1104 4063 1295 4120 Metus
1368 4080 1528 4137 quam
1585 4078 1748 4135 saepe
1806 4062 1872 4117 de
1935 4079 2030 4124 eo,
2097 4061 2242 4135 quod
2311 4068 2512 4117 metum
2578 4060 2780 4125 iniciat,

567 4243 615 4308 1)
654 4245 835 4295 Simili
870 4245 1091 4295 ratione
1126 4241 1211 4308 46,
1238 4245 1273 4292 4
1303 4245 1618 4308 procederet
1655 4244 1854 4310 scripsi
1891 4247 2086 4294 contra
2122 4242 2310 4306 libros,
2351 4241 2434 4306 54,
2480 4240 2505 4290 1
2543 4245 2648 4293 sint
2681 4259 2779 4308 pro

477 4334 611 4379 sunt.
