3042 4917
692 1189 887 1270 GAI
940 1188 1459 1271 SALLVSTI
1520 1179 1871 1269 CRISPI

1176 1427 1401 1477 LIBER

307 1655 466 1743 DE
554 1655 1235 1774 CATILINAE
1312 1599 2282 1744 coNIVRATIONE.

66 2127 87 2185 1
308 2099 537 2186 Omnis
588 2119 885 2190 homineS‚
943 2125 1043 2200 qui
1108 2138 1237 2181 sese
1291 2120 1529 2205 student
1582 2126 1884 2199 praestare
1939 2119 2148 2179 ceteris
2204 2115 2426 2177 anima-

136 2222 325 2292 libus,
382 2239 614 2283 summa
668 2239 781 2300 ope
837 2222 941 2281 niti
995 2220 1197 2292 decet,
1253 2240 1329 2283 ne
1382 2223 1557 2282 vitam
1614 2220 1843 2282 silentio
1896 2225 2199 2281 transeant
2254 2217 2428 2280 veluti

83 2341 114 2388 2
136 2342 375 2402 pecora,
434 2341 586 2402 quae
630 2311 845 2384 'natura
903 2341 1089 2401 prona
1156 2330 1331 2403 atque
1382 2325 1572 2385 ventri
1627 2323 1997 2384 oboedientia
2051 2322 2234 2382 finxit.
2325 2321 2428 2381 Set

308 2493 669 2544 Tns‘nuonn
707 2508 1077 2542 scmr‘romm.
1150 2492 1196 2542 1.
1225 2493 1439 2543 Charis.
1473 2511 1529 2563 p.
1572 2491 1668 2544 149
1691 2494 1758 2542 Κ.
1797 2510 1911 2543 nam
1944 2495 2255 2543 accusativus
2278 2495 2428 2541 iuoeta

136 2565 361 2625 reyulam
395 2568 625 2611 manente
661 2563 683 2610 i
724 2565 901 2610 littera
935 2561 1085 2611 debet
1120 2566 1395 2620 enuntiari,
1444 2563 1536 2612 Ιιοε
1563 2568 1634 2611 ·et
1667 2563 1760 2611 has
1797 2564 1968 2626 agilis,
2016 2568 2070 2609 ut
2115 2566 2193 2610 est
2231 2559 2426 2609 ‘omnis

135 2629 423 2679 homines'.
484 2646 536 2694 p.
588 2627 686 2679 139
730 2628 908 2678 Omnes
952 2628 1221 2679 Sallustius
1269 2632 1321 2679 in
1361 2631 1580 2680 Catilina
1631 2629 1837 2680 ‘omnes
1883 2631 1944 2678 P.
1987 2629 2046 2680 C.
2097 2631 2190 2693 qui
2235 2628 2423 2677 de-Te-

138 2698 237 2746 bus
274 2697 459 2746 dubiis
498 2694 816 2747 consultant
853 2697 923 2746 ab
962 2697 1087 2748 odio
1126 2698 1375 2747 amicitia
1411 2699 1447 2746 i.
1478 2714 1528 2746 a.
1555 2715 1625 2746 m.
1654 2714 1706 2746 u.
1746 2699 1832 2760 d.',
1873 2685 1982 2748 cum'
2015 2700 2144 2746 idem
2167 2698 2218 2745 in
2252 2698 2427 2746 eodem

140 2764 371 2814 ‘omneis
405 2765 655 2814 homines
704 2765 797 2830 qui
842 2780 965 2814 sese
1013 2764 1235 2814 student
1280 2770 1566 2830 praestare
1606 2767 1809 2815 ceteris
1855 2765 2243 2826 animalibus'3
2293 2765 2431 2830 quod

136 2836 338 2883 ratione
369 2835 545 2896 potius
580 2847 691 2882 esse
725 2833 991 2883 subnixum
1025 2833 1116 2882 sub
1148 2834 1185 2896 f
1212 2841 1262 2882 et
1296 2851 1341 2882 m
1378 2836 1554 2883 littera
1585 2839 1781 2898 poterit
1815 2835 2016 2884 ostendi
2063 2833 2187 2896 (cfr.
2234 2849 2287 2898 p.
2329 2831 2426 2880 104

136 2907 187 2948 et
228 2898 366 2966 111),
403 2902 501 2950 sed
531 2901 735 2964 Asper,
782 2906 832 2949 si
868 2904 1151 2965 genetivus,
1199 2904 1385 2967 inquit,
1434 2905 1644 2952 omnium
1680 2907 1702 2950 i
1733 2905 1952 2951 litteram
1987 2907 2175 2950 natura
2221 2903 2423 2956 retinet,

137 2974 185 3016 et
232 2971 286 3017 in
332 2971 620 3018 accusativo
669 2984 779 3018 esse
822 2971 1140 3018 servandam.
1211 2969 1485 3023 Priscian.
1525 2971 1631 3019 VII
1676 2986 1729 3034 p.
1768 2968 1867 3020 358
1904 2969 1972 3017 H.
2033 2967 2251 3017 Omnium
2296 2983 2424 3032 quae

136 3042 237 3085 tam
272 3040 624 3086 nominativum
659 3053 804 3102 quam
844 3041 1123 3101 genetivum
1168 3039 1375 3086 similem
1409 3039 1619 3095 habent,
1658 3052 1829 3087 eorum
1864 3039 2176 3086 aecusativus
2211 3051 2336 3084 raro
2374 3038 2426 3083 in

137 3120 207 3166 es,
243 3106 553 3170 frequenter
588 3110 639 3153 in
674 3107 717 3153 is
751 3107 882 3154 solet
911 3102 1183 3154 ’terminari
1213 3110 1267 3154 ut
1302 3106 1381 3155 hic
1416 3112 1469 3154 et
1502 3106 1628 3155 haec
1663 3109 1837 3166 omnis,
1875 3104 2015 3152 liuius
2051 3110 2222 3161 omnis,
2259 3103 2350 3152 llos
2375 3109 2426 3152 et

138 3173 228 3220 lias
263 3175 437 3222 omnis.
509 3171 779 3222 Sallustius
814 3176 866 3222 in
907 3173 1235 3224 Catilinario:
1281 3174 1455 3222 omnis
1504 3173 1754 3222 homines
1793 3173 1885 3234 qui
1919 3186 2042 3220 sese
2079 3171 2320 3220 student.
2358 3197 2424 3204 --

138 3239 296 3290 Arus.
332 3257 395 3306 p.
442 3238 543 3290 260
586 3241 653 3290 L.
700 3242 892 3291 Studeo
939 3257 1015 3290 me
1052 3247 1333 3305 praestare
1380 3243 1495 3290 illis.
1576 3239 1686 3289 Sal.
1737 3241 1847 3289 Cat.
1896 3239 1988 3303 qui
2033 3254 2153 3288 sese
2201 3239 2426 3288 student

138 3313 425 3370 praestare
467 3308 707 3358 caeteris
747 3309 1141 3359 animantibuS.
1180 3335 1247 3344 —
1280 3309 1421 3358 Non.
1458 3325 1511 3374 p.
1537 3307 1638 3358 253
1675 3309 1740 3357 R.
1777 3309 2061 3357 Praestare
2099 3309 2424 3357 antecellere.

138 3374 301 3442 Verg.
338 3377 474 3426 Aen.
512 3375 611 3425 lib.
649 3375 756 3425 VH
792 3393 820 3426 o
852 3383 1131 3442 praestans
1166 3379 1317 3427 animi
1348 3379 1556 3426 iuvenis.
1629 3375 1898 3426 Sallustius
1934 3381 1983 3424 in
2023 3375 2270 3426 Catilinae
2297 3375 2424 3425 bello

141 3444 316 3493 omnis
352 3444 602 3494 homines
640 3445 733 3508 qui
769 3459 891 3494 sese
928 3446 1153 3495 student
1200 3449 1507 3510 praestare.
1589 3445 1854 3494 Terentius
1888 3445 2158 3506 Formione
2203 3445 2282 3493 vir
2313 3445 2424 3494 viro

142 3512 263 3574 quid
275 3514 553 3576 praestat?
612 3512 865 3562 Diomed.
897 3530 950 3579 p.
978 3511 1078 3563 313
1102 3514 1170 3562 Κ.
1209 3520 1325 3562 ante
1351 3529 1411 3564 eo
1448 3516 1524 3563 illi
1557 3520 1608 3563 et
1637 3520 1854 3578 praesto
1888 3515 1964 3562 illi
1997 3515 2166 3564 dativo
2202 3529 2323 3562 easu
2347 3514 2424 3562 di-

141 3577 303 3637 dimus,
340 3586 394 3628 ut
428 3607 495 3614 —
531 3580 801 3630 Sallustius
876 3585 1127 3630 raestare
1166 3581 1368 3632 ceteris
1408 3581 1762 3631 animalibus,

306 3645 354 3696 3.
400 3647 528 3697 Sen.
565 3647 669 3712 Ep.
706 3646 788 3710 60,
876 3666 888 3697 ε
940 3649 1058 3698 Hos
1093 3653 1287 3714 itaque,
1336 3655 1391 3698 ut
1426 3653 1499 3699 ait
1535 3649 1805 3700 Sallustius
1850 3649 2035 3700 ventri
2079 3648 2422 3712 obedienteS‚

143 3718 415 3765 animalium
450 3719 561 3765 loco
598 3732 921 3777 numeremus,
962 3732 1063 3768 non
1096 3718 1375 3777 hominum?
1394 3717 1638 3784 quosdam
1659 3733 1780 3768 vero
1806 3734 1868 3768 ne
1895 3719 2176 3767 animalium
2211 3720 2422 3784 quidem,

304 3903 594 3953 VAnm'rAs
634 3917 1003 3955 SCRIPTURAE.
1080 3902 1126 3953 1.
1166 3903 1359 3954 Omnis
1394 3899 2424 3969 PP²P⁴BFM²pgg1g³g⁴g⁵g⁶g⁷luyffim⁵

142 4000 310 4051 margo
330 3989 395 4036 Τ.
454 3987 659 4038 Omnes
696 4004 723 4038 e
760 4003 867 4038 ros.
904 3990 981 4038 M.
1020 4015 1084 4024 -
1120 4005 1179 4038 se
1216 3988 1295 4038 M²
1332 3979 1495 4054 se⁸⁰pn
1565 3989 1788 4039 student
1823 4004 1944 4038 sese
1977 3984 2421 4052 P⁴pp⁵p⁶s²rg⁴g⁷.

143 4059 422 4114 praestare
459 4055 684 4106 student
706 4055 783 4120 p3.
818 4082 885 4091 —
912 4057 1288 4106 animantibus
1323 4055 1628 4122 P³g⁴g⁵g⁷y.
1665 4083 1732 4090 —
1767 4057 1816 4105 2.
1856 4071 2064 4105 summa
2109 4055 2233 4104 illos
2257 4071 2360 4119 ope
2385 4055 2422 4104 1.

148 4119 303 4172 decet
334 4124 437 4173 niti
472 4125 537 4173 F.
576 4149 642 4158 —
687 4125 862 4173 vitam
898 4125 1119 4176 silentio
1154 4140 1224 4174 ne
1260 4129 1555 4175 transeant
1591 4122 1662 4178 Θ.
1717 4149 1781 4158 —-
1825 4127 2077 4173 transeat
2110 4122 2173 4171 P.
2246 4127 2424 4172 trans-

148 4194 271 4238 eant
308 4188 469 4256 (supr.
506 4208 609 4242 sor.
647 4192 985 4256 transigant)
1022 4191 1251 4242 M‘mm&
1308 4198 1495 4242 transe
1536 4197 1632 4241 ant
1655 4190 1741 4244 ffli-
1790 4191 2106 4256 transigant
2128 4191 2202 4239 M.
2249 4189 2426 4240 veluti

146 4269 343 4316 pecora
376 4265 667 4310 transeant
702 4259 777 4326 εὖ.
825 4288 892 4296 —
936 4277 1111 4326 prona
1150 4266 1205 4310 et
1240 4261 1423 4311 ventri
1457 4258 1534 4325 p3.
1573 4259 1754 4319 ventri
1791 4264 1955 4324 atque
1993 4257 2314 4309 obedientia
2351 4256 2422 4313 Θ.

148 4322 465 4377 obediencia
499 4329 685 4378 uentri
720 4326 948 4395 g²g⁸s¹pfl
988 4334 1193 4380 natura.
1214 4329 1372 4379 finxit
1405 4343 1579 4394 prona
1605 4333 1770 4394 atque
1793 4327 1978 4378 ventri
2001 4326 2324 4384 obedientia
2349 4327 2424 4392 g⁶.

148 4389 491 4446 oboedientia
543 4394 1024 4464 PP¹MGTFM²g³.
1095 4424 1163 4432 —
1232 4396 1281 4449 3.
1337 4397 1435 4448 Set
1490 4387 1602 4463 15152
1653 4394 1918 4462 (semper).
1999 4395 2190 4446 Omnis
2239 4401 2428 4446 nostra
