3042 4917
554 268 671 331 110
1242 281 1848 332 connnum'rronun
1887 283 2030 330 oar.
2078 283 2135 329 v.

550 440 718 499 semel
767 439 958 496 laxatis
1012 437 1196 514 legum
1248 439 1475 498 vinculis
1529 448 1680 503 ruat,
1734 439 2056 498 ostendatur
2097 433 2159 514 1).
2257 441 2328 498 At
2390 457 2456 496 ex
2501 437 2652 498 omni
2694 457 2838 498 nexu

548 543 687 600 nihil
730 542 1090 600 manufestius
1146 550 1259 606 est,
1318 560 1481 616 quam
1529 543 1858 620 scriptorem
1915 561 1978 600 ea
2021 561 2226 618 ponere
2267 543 2530 605 voluisse,
2591 560 2734 616 quae
2790 543 2838 606 =si

550 644 849 700 Catilinarii
888 643 1143 700 vicissent
1186 645 1373 700 futura
1413 645 1666 708 fuissent,
1713 645 1854 702 unde
1899 645 2122 720 adparet
2169 645 2521 704 scribundum
2566 661 2689 700 esse
2728 646 2842 701 illis

547 749 602 803 si
638 748 935 803 victoriam
974 748 1172 818 adepti
1208 746 1435 818 forent,
1490 755 1547 803 et
1593 749 1706 803 illis
1739 746 2002 803 liberiore
2045 747 2207 804 modo
2254 747 2321 803 ad
2362 745 2712 803 Catilinarios
2755 764 2840 802 re-

548 848 735 909 latum,
774 848 869 922 qui
910 847 1043 921 quin
1078 840 1438 920 intellegundi
1474 856 1685 910 essent,
1733 857 1891 906 antea
1935 846 2195 906 Catilinae
2239 849 2458 906 nomine
2493 849 2682 922 posito
2730 866 2842 904 non

552 950 774 1006 dubium
807 957 1012 1006 esset.“
1080 947 1287 1016 Quibus
1328 966 1470 1007 nunc
1502 951 1658 1013 addo,
1691 950 1827 1007 illud
1865 951 2046 1025 ipsum
2086 951 2234 1024 quod
2269 967 2576 1023 pronomen
2608 949 2838 1010 liberius

551 1052 618 1109 ad
649 1051 1025 1126 praecedentia
1052 1048 1283 1108 relatum
1314 1060 1413 1115 est,
1449 1051 1705 1110 librarios
1751 1053 1920 1109 videri
1966 1053 2217 1116 fnovisse,
2262 1059 2325 1108 ut
2370 1055 2470 1124 qui
2515 1051 2838 1108 scriberent.

721 1171 833 1227 Cat.
874 1175 961 1233 42,
1008 1177 1042 1231 3
1086 1186 1272 1226 omnes
1314 1170 1442 1226 libri
1488 1173 1620 1227 item
1665 1173 1726 1227 in
1775 1173 2042 1230 citeriore
2093 1171 2282 1226 Gallia
2337 1171 2400 1228 G.
2445 1169 2704 1226 Murena
2751 1187 2841 1226 ex-

552 1272 758 1329 hibent.
828 1273 899 1328 At
936 1272 995 1328 G.
1027 1271 1301 1329 Murenam
1346 1271 1400 1327 in
1431 1271 1601 1329 Gallia
1651 1272 2005 1347 Transalpina
2039 1273 2222 1332 fuisse.
2254 1279 2472 1331 constat
2507 1289 2573 1327 ex
2615 1271 2723 1328 Cic.
2755 1289 2840 1345 pr.

552 1375 686 1432 Mur.
731 1381 817 1437 41,
860 1381 958 1439 89;
994 1374 1051 1429 in
1092 1372 1315 1430 Galliam
1361 1373 1679 1448 cisalpinam
1718 1374 1778 1442 Q.
1823 1375 2099 1432 Metellum
2133 1363 2356 1432 missum
2401 1374 2575 1432 fuisse
2621 1372 2750 1446 (Cic.
2785 1375 2837 1428 in

552 1477 663 1532 Cat.
710 1475 753 1530 11
796 1483 879 1539 12,
924 1475 1014 1548 26)
1054 1483 1201 1532 certe
1242 1493 1354 1532 non
1398 1474 1689 1549 ignorabat
1735 1475 2042 1540 SallustiUS‚
2090 1495 2416 1552 quamquam
2461 1493 2629 1551 supra
2673 1483 2759 1540 30,
2809 1484 2840 1534 5

554 1595 757 1652 ayrum
800 1577 1076 1634 Picenum
1116 1576 1295 1634 solum
1336 1575 1652 1634 nominavit.
1731 1578 1886 1636 Hunc
1935 1577 2108 1651 igitur
2151 1580 2396 1637 e'rrorem
2441 1579 2840 1654 turpissumum

554 1687 739 1736 utrum
780 1678 1039 1734 Sallustio
1078 1697 1146 1734 an
1184 1677 1423 1736 librariis
1460 1680 1818 1754 inputandam
1861 1680 2189 1737 existumas?

725 1797 870 1866 Quae
914 1796 1262 1855 difficultates
1300 1798 1410 1853 Cat.
1446 1805 1532 1860 43,
1563 1807 1584 1857 1
1621 1797 1860 1854 omnium
1891 1798 2156 1856 librorum
2189 1801 2491 1876 scripturae
2536 1800 2598 1855 in
2634 1815 2838 1872 ayrum

553 1902 945 1958 Faesulanum
982 1897 1281 1963 obstarent,
1334 1899 1463 1956 olim
1503 1875 1862 1975 exposueram
1904 1909 1961 1957 et
2001 1902 2308 1976 suspicatus
2346 1920 2494 1959 eram
2541 1901 2728 1958 locum
2762 1902 2840 1958 in-

554 2002 927 2076 tellegundum
969 2019 1089 2058 esse
1118 2002 1319 2058 Romae
1354 2002 1478 2058 urbi
1516 2000 1849 2077 propiorem.
1929 2002 2097 2071 Quam
2129 2005 2494 2080 suspicionem
2537 2021 2686 2060 nunc
2729 2003 2840 2058 abi-

552 2108 656 2168 cio,
704 2105 960 2180 quoniam
1005 2122 1134 2160 num
1180 2102 1411 2160 alterum
1458 2103 1718 2178 oppidum
1763 2103 2110 2162 Faesularum
2153 2107 2372 2163 nomine
2417 2105 2712 2168 exstiterit,
2759 2104 2839 2161 in-

552 2209 933 2265 certissumum
973 2215 1059 2263 est
1103 2213 1159 2263 et
1204 2204 1493 2262 Sallustius
1525 2206 1716 2280 utique
1763 2206 1992 2264 obscure
2036 2207 2323 2283 scripsisse
2358 2208 2637 2282 putandus
2673 2215 2836 2262 esset.

554 2311 649 2366 Set
694 2309 1019 2366 iamdudum
1050 2309 1181 2365 mihi
1224 2326 1546 2382 persuasum
1590 2315 1691 2370 est,
1739 2307 1885 2365 aliud
1920 2327 2118 2366 nomen
2148 2311 2214 2366 ab
2249 2328 2314 2367 eo
2353 2309 2620 2383 scriptum
2650 2308 2837 2370 fuisse,

555 2390 701 2486 qiiod
744 2410 954 2468 librarii
998 2427 1122 2467 cum
1170 2409 1347 2466 minus
1392 2411 1471 2466 eis
1513 2411 1918 2484 frequentatum
1963 2420 2123 2475 esset,
2170 2412 2226 2468 in
2267 2413 2662 2468 Faesulanum
2707 2427 2812 2466 con

554 2513 849 2586 rupissent,
896 2512 1043 2585 quod
1080 2511 1249 2568 fuisse
1289 2511 1674 2568 Carsulanum
1700 2531 1899 2588 ‘paene
1960 2522 2170 2571 certum
2213 2511 2345 2569 mihi
2389 2513 2622 2568 videtur.
2716 2511 2840 2566 Car-

555 2613 705 2670 sulae
749 2613 909 2676 enim,
958 2613 1218 2687 oppidum
1264 2612 1512 2670 Umbriae
1559 2613 1704 2670 inter
1751 2615 1986 2672 Tiberim
2030 2622 2086 2672 et
2127 2616 2264 2671 viam
2309 2614 2652 2678 Flaminiam,
2707 2613 2841 2668 haut

552 2715 719 2788 longe
764 2715 829 2770 ab
864 2714 1059 2770 Narnia
1100 2714 1265 2770 situm
1316 2712 1532 2786 (Strabo
1577 2717 1618 2772 V
1653 2735 1707 2790 p.
1753 2723 1856 2778 312
1901 2718 1983 2774 ed.
2030 2716 2186 2772 Mein.
2262 2709 2399 2773 Plifi.
2443 2715 2507 2771 H.
2557 2715 2620 2770 N.
2661 2714 2730 2769 Ill
2781 2721 2843 2774 14

555 2816 693 2890 (19),
734 2823 851 2877 113.
914 2816 1034 2873 Tac.
1079 2816 1215 2873 Hist.
1261 2809 1326 2872 111
1370 2823 1454 2878 60.
1516 2818 1779 2874 Mannert.
1827 2819 2024 2892 Geogr.
2081 2826 2191 2875 ant.
2235 2817 2302 2874 lx
2349 2829 2376 2879 l
2421 2836 2474 2892 p.
2518 2815 2687 2889 482),
2749 2833 2842 2872 ne-

556 2935 660 2994 que
696 2919 891 2993 procul
930 2919 1155 2975 aberant
1192 2919 1258 2982 ei,
1309 2920 1402 2994 qui
1438 2919 1503 2976 ab
1549 2894 1790 2978 Faesulis
1835 2921 1989 2978 devio
2029 2919 2224 2976 itinere
2251 2938 2353 2994 per
2381 2919 2583 2976 montis
2614 2919 2840 2975 Romam

554 3029 767 3097 peteret
813 3053 888 3064 --
937 3021 991 3077 id
1030 3039 1159 3078 vero
1200 3021 1481 3078 Catilinam
1529 3022 1608 3079 sic
1649 3022 1980 3085 instituisse,
2033 3038 2102 3078 ne
2161 3023 2350 3097 copiae
2405 3021 2488 3078 vel
2531 3019 2842 3077 dilaberen-

554 3132 646 3180 tur
694 3123 778 3182 vel
820 3125 1019 3200 pugnis
1062 3125 1466 3188 minuerentur,
1511 3124 1626 3180 veri
1671 3124 2021 3180 ,imillumum
2066 3132 2182 3186 est,
2240 3155 2314 3164 —
2366 3139 2543 3197 neque
2587 3122 2656 3178 ab
2705 3123 2840 3180 urbe

554 3227 628 3283 ita
678 3228 901 3284 dissitae
948 3235 1127 3291 erant,
1165 3236 1228 3284 ut
1273 3228 1318 3283 si
1355 3227 1627 3284 coniurati
1671 3227 1838 3283 Roma
1883 3225 2220 3300 erupissent,
2265 3225 2456 3283 eodem
2497 3224 2585 3281 die
2635 3226 2841 3282 exerci-

558 3336 669 3384 tum
728 3329 793 3384 ab
840 3328 935 3385 illo
984 3328 1186 3403 oppido
1229 3329 1540 3402 profectum
1583 3329 1890 3386 convenire
1916 3345 2026 3384 non
2071 3335 2314 3402 possent.

722 3446 941 3503 Duobus
992 3445 1128 3504 locis
1182 3447 1448 3504 Link‘erus
1501 3450 1634 3504 item
1689 3465 1792 3523 pro
1834 3453 2024 3504 autem
2069 3445 2352 3510 restituit,
2409 3443 2677 3518 Sellingio
2736 3463 2836 3501 em.

443 3573 451 3580 ·
553 3564 606 3622 p.
652 3555 721 3608 23
766 3566 848 3621 sq.
910 3555 1225 3622 praeeunte,
1282 3547 1393 3604 Cat.
1431 3556 1526 3614 43,
1573 3555 1608 3608 2
1648 3549 1740 3605 ubi
1787 3567 1974 3606 omnes
2030 3549 2155 3604 libri
2212 3549 2488 3621 Cethequs
2543 3546 2840 3604 Ciceronis

550 3652 787 3706 ianuam
832 3652 1115 3707 obsideret
1154 3667 1395 3724 eumque
1438 3653 1492 3708 vi
1534 3654 1970 3726 adyrederetur‚
2018 3651 2168 3707 alius
2200 3657 2389 3706 autem
2424 3649 2618 3718 alium,
2663 3656 2722 3704 et
2755 3657 2836 3710 50,

560 3762 579 3812 1
637 3753 826 3808 liberti
875 3759 931 3809 et
975 3756 1156 3826 pauci
1196 3771 1276 3812 ex
1329 3755 1630 3811 clientibus
1683 3753 1912 3811 Lentuli
1965 3753 2208 3810 divorsis
2261 3751 2564 3808 itineribus
2603 3752 2838 3822 opifices

553 3862 724 3928 atque
768 3858 1003 3913 servitia
1040 3858 1102 3913 in
1144 3859 1283 3914 vicis
1318 3858 1398 3913 ad
1432 3872 1562 3912 eum
1597 3857 1962 3928 eripiundum
2001 3856 2412 3922 sollicitabant,
2461 3855 2684 3925 partim
2737 3867 2836 3908 ex-

553 3959 858 4030 quirebant
888 3961 1063 4017 duces
1105 3961 1529 4017 multitudinum
1573 3991 1686 4027 —-,
1736 3957 2012 4032 Cethegus
2048 3965 2238 4013 autem
2291 3971 2404 4027 per
2457 3957 2694 4011 nuntios
2741 3953 2835 4026 fa·

552 4063 765 4117 miliam
826 4069 998 4136 atque
1038 4064 1269 4121 libertos
1310 4078 1473 4131 suos,
1527 4063 1702 4119 lectos
1750 4065 1806 4118 et
1858 4060 2239 4128 exercitatos,
2298 4059 2506 4116 orabat
2557 4063 2624 4114 ut
2663 4070 2833 4130 φερε

1633 4157 1644 4168 .
2083 4149 2114 4176 x

626 4242 683 4309 1)
730 4245 959 4296 Iaeobs:
1024 4245 1373 4310 ‘Andeutung
1418 4243 1515 4295 des
1565 4259 1663 4311 un·
1719 4241 1888 4293 durch
1926 4242 2050 4292 eine
2073 4240 2436 4307 Umwisszung
2471 4239 2831 4291 entfesselten

552 4329 997 4382 ausbleibliehen
1036 4332 1528 4410 Weiterstiirmens
1571 4330 1668 4380 der
1719 4327 1954 4379 Kriifte'.
