3042 4917
566 279 648 344 86
797 324 804 328 -
1247 301 1855 346 counit-martenum
1896 303 2039 347 OAP.
2085 305 2173 348 1v.

562 457 887 522 arbitretur,
945 458 1009 514 ad
1052 457 1450 515 inlustrandum
1491 460 1801 517 multarum
1842 461 2151 532 imaqinum
2194 460 2543 536 adscriptum.
2634 463 2730 522 Set
2774 473 2853 523 ta·

561 579 685 618 men
719 562 1030 618 multarum
1075 563 1382 634 imayinum
1429 562 1556 617 novi
1593 561 1798 636 aliquid
1840 561 2113 635 adiungit,
2170 563 2317 637 quod
2372 563 2435 620 ad
2480 565 2851 624 definiundum

560 663 616 720 id
662 665 808 738 quod
851 663 1014 720 latius
1051 671 1250 739 pateat,
1295 664 1599 739 pertineat,
1662 665 1718 720 in
1772 682 1881 738 quo
1938 681 2141 737 genere
2180 663 2515 738 copulativas
2552 669 2851 740 particulas

560 773 616 820 et
663 771 835 838 atque
877 765 960 822 vel
1000 783 1072 822 ac
1117 767 1477 840 potissumum
1521 765 1777 840 usurpari
1822 767 2036 822 ostendi
2084 765 2214 822 olim
2252 767 2317 822 ad
2366 765 2478 822 Cat.
2524 773 2575 831 2,
2612 777 2663 830 9.
2700 779 2751 833 3,
2796 777 2848 830 4.

558 867 674 940 lug.
720 875 834 930 107,
884 875 934 927 2.
1004 867 1184 924 Eiusd.
1227 887 1342 943 cap.
1389 869 1444 939 S.
1487 877 1545 927 ll
1596 867 1816 942 scripsi:
1860 870 1942 922 ita
1975 869 2322 939 plerumque
2350 871 2535 925 evenit
2563 873 2649 926 uti
2680 889 2850 943 quem

559 985 658 1026 voa
702 971 1092 1041 inperatorem
1135 973 1396 1034 iussistis,
1437 973 1488 1026 is
1530 973 1921 1041 inperatorem
1964 971 2141 1024 alium
2182 977 2459 1040 quaerat,
2507 975 2749 1044 quamvis
2788 974 2847 1036 Q

560 1044 828 1145 multsque
871 1070 998 1128 libri
1043 1090 1205 1128 manu
1275 1072 1464 1146 scripti
1519 1075 1571 1128 is
1610 1073 1721 1128 sibi
1758 1074 2148 1144 inperatorem
2190 1070 2523 1128 exhiberent.
2604 1075 2847 1133 Primum

559 1173 704 1228 enim
745 1172 964 1230 relicuis
1008 1163 1235 1232 vetustis
1280 1173 1434 1230 libris
1477 1173 1824 1247 glossematis
1866 1173 2106 1247 suspicio
2150 1180 2431 1237 movetur:
2480 1181 2595 1232 tum
2640 1193 2742 1252 per
2787 1197 2847 1234 se

560 1275 910 1350 perspicuum
955 1284 1056 1340 est,
1103 1295 1214 1350 quo
1248 1277 1412 1333 modo
1458 1275 1620 1332 verba
1664 1277 1775 1331 sint
1816 1274 2215 1349 intellegunda,
2270 1275 2472 1349 quippe
2524 1295 2644 1333 cum
2688 1297 2849 1352 prae·

557 1378 712 1437 cedat
754 1387 946 1434 sumat
985 1380 1228 1451 aliquem
1267 1395 1346 1435 ex
1382 1380 1601 1450 populo
1652 1380 1983 1434 monitorem
2028 1378 2193 1449 offici
2230 1379 2353 1437 sui‚·
2400 1376 2633 1452 denique
2680 1399 2848 1454 auge-

559 1484 652 1534 tur
693 1479 772 1536 vis
817 1488 873 1538 et
915 1481 1150 1555 gravitas
1171 1467 1504 1543 sententiae,
1540 1497 1660 1536 cum
1687 1479 1883 1536 Marius
1923 1479 2055 1535 dicit
2096 1497 2234 1542 eum,
2283 1494 2441 1553 quem
2475 1480 2846 1555 inperatorem

559 1580 796 1655 populus
852 1583 1104 1646 iusserit,
1155 1583 1318 1640 alium
1367 1599 1655 1657 quaerere,
1714 1581 1808 1654 qui
1852 1599 1979 1638 vere
2032 1580 2110 1636 illi
2168 1580 2451 1655 inperator
2504 1583 2593 1637 sit.
2671 1584 2845 1641 Paulo

493 1729 496 1732 ,
559 1688 688 1755 post
724 1689 806 1746 12,
833 1677 972 1739 'cum
1019 1683 1079 1744 23
1117 1703 1238 1742 cum
1279 1684 1560 1740 nonnullis
1601 1683 1840 1757 optumis
1878 1681 2105 1738 alterius
2150 1681 2375 1756 generis
2420 1681 2575 1739 libris
2612 1702 2847 1742 consen·

561 1781 663 1839 tiat
707 1803 936 1859 cumque
982 1787 1200 1859 gravior
1251 1786 1324 1854 sit
1379 1787 1573 1849 oratio,
1632 1786 1678 1841 si
1721 1784 1801 1841 illi
1844 1802 1953 1840 non
1996 1783 2174 1839 solum
2230 1787 2350 1839 acta
2404 1786 2695 1850 maiorum,
2756 1797 2844 1845 set

559 1884 722 1942 etiam
753 1887 1080 1944 Graecorum
1109 1895 1398 1962 praecepta
1443 1887 1627 1960 legere
1674 1887 1939 1948 dicantur,
1980 1885 2155 1959 probo
2190 1885 2336 1958 quod
2383 1885 2648 1944 Linkerus
2693 1908 2845 1947 rece-

557 1987 640 2060 pit
673 1994 726 2044 el
774 1996 906 2046 acta
949 1993 1249 2048 maiorum.
1327 1991 1396 2045 At
1437 1989 1587 2046 nulla
1630 2005 1821 2045 caussa
1863 1995 1977 2050 est,
2032 2005 2130 2043 cur
2188 1986 2331 2041 infra
2376 1993 2445 2048 23
2496 2005 2695 2046 eorum
2752 1995 2844 2050 ad-

557 2105 750 2147 vorsus
797 2109 1063 2150 summum
1105 2099 1456 2167 optumorum
1506 2091 1775 2148 librorum
1816 2106 2142 2146 consensum
2186 2087 2457 2146 eiciamus.
2540 2091 2741 2151 Contra
2772 2101 2841 2156 29

559 2189 618 2252 23
653 2209 839 2250 verum
881 2213 1124 2252 servasse
1159 2213 1282 2252 cum
1329 2193 1470 2251 ratio
1517 2193 1759 2250 ostendit
1792 2221 1865 2232 --
1900 2191 2102 2265 quippe
2134 2189 2365 2246 advorso
2406 2200 2629 2265 pectore
2674 2197 2842 2253 comi·

557 2311 660 2350 nus
704 2313 953 2370 pugnans
997 2297 1218 2353 volnera
1258 2295 1486 2370 excipit,
1528 2304 1613 2354 set
1653 2295 1883 2357 advorso
1917 2277 2159 2366 ‘corpore
2204 2291 2473 2348 volnerari
2516 2302 2703 2369 potest
2744 2298 2842 2354 ali-

559 2395 680 2469 quis
725 2397 886 2453 etiam
933 2399 1142 2455 eminus
1181 2429 1254 2440 -
1303 2406 1416 2454 tum
1465 2399 1609 2473 quod
1654 2397 1711 2453 in
1764 2396 1805 2452 P
1850 2402 1905 2450 et
1942 2387 2011 2451 P1
2070 2394 2203 2450 illud
2246 2413 2413 2468 super
2449 2412 2695 2468 corpore
2736 2418 2839 2474 pro

555 2515 664 2552 var.
710 2497 833 2555 lect.
887 2490 1152 2574 scriptum
1211 2507 1311 2557 est.
1395 2501 1569 2556 Porro
1616 2507 1701 2562 30,
1745 2515 1868 2554 cum
1929 2494 2058 2550 libri
2112 2496 2487 2553 vetustissumi
2542 2498 2634 2558 alii
2691 2518 2841 2573 quae

537 2605 772 2671 'eyomet
807 2603 1102 2670 plurumis
1133 2603 1425 2658 laboribus
1468 2601 1831 2674 elpericulis
1876 2599 2145 2670 quaesivi,
2188 2596 2278 2652 alii
2316 2614 2418 2670 eqo
2456 2601 2593 2655 meis
2632 2604 2841 2672 pluru-

558 2703 692 2769 miS,
753 2703 910 2775 pauci
965 2709 1182 2776 eqomet
1227 2705 1364 2786 meis
1413 2705 1707 2774 plurumis
1761 2700 2075 2762 exhibeant,
2131 2700 2237 2756 hoc
2291 2701 2627 2774 probandum
2682 2712 2839 2778 puto.

555 2800 742 2874 Neque
791 2803 934 2860 enim
979 2805 1272 2862 absurdum
1335 2813 1421 2861 est
1476 2804 1655 2863 dicere
1709 2804 1934 2860 Marium
1990 2819 2049 2858 se
2101 2801 2440 2858 nobilitatem
2492 2821 2603 2860 non
2659 2807 2841 2864 solum

557 2903 732 2978 ipsum
758 2947 772 2968 ,
845 2913 929 2961 set
982 2895 1156 2964 'etiam
1232 2924 1438 2963 summa
1503 2925 1723 2963 suarum
1788 2905 1983 2961 virium
2052 2904 2403 2960 contentione
2468 2922 2530 2961 ac
2589 2910 2840 2980 periculo

557 3005 915 3080 quaesivisse,
973 3015 1030 3064 et
1067 3009 1178 3065 veri
1223 3009 1452 3096 similius
1500 3017 1586 3065 est
1628 3008 1861 3064 alterum
1904 3011 2136 3080 propter
2173 3005 2581 3062 similitudinem
2623 3007 2841 3068 littera-

555 3125 676 3163 rum
721 3109 998 3174 excidisse,
1047 3129 1204 3186 quam
1234 3110 1490 3167 librarios
1526 3110 1827 3166 orationem
1859 3106 2211 3182 subplendam
2244 3107 2537 3165 arbitratos
2582 3128 2723 3168 esse.
2761 3144 2836 3154 —

555 3209 803 3278 Quamvis
851 3219 1047 3276 autem¹
1071 3214 1362 3270 verendum
1407 3213 1480 3268 sit
1510 3230 1580 3268 ne
1610 3210 1797 3267 multis
1832 3210 1993 3266 nimis
2038 3209 2375 3282 suspiciosus
2411 3209 2609 3274 videar,
2656 3219 2839 3272 tamen

553 3310 723 3369 libere
769 3331 906 3386 quae
947 3315 1013 3370 de
1059 3315 1298 3372 eiusdem
1357 3313 1623 3371 orationis
1680 3313 1733 3384 S.
1779 3319 1843 3372 41
1900 3311 2129 3368 sentiam
2181 3328 2461 3385 exponam.
2542 3313 2641 3370 Ubi
2682 3325 2841 3390 post-

557 3431 716 3487 quam
755 3415 953 3471 Marius
995 3417 1188 3472 acerbe
1225 3417 1466 3472 invectus
1524 3423 1609 3472 est
1656 3415 1711 3471 in
1755 3412 2094 3470 nobilitatem
2138 3412 2213 3470 ita
2234 3433 2259 3491 z·
2310 3413 2458 3480 Quin
2501 3431 2639 3488 erqo
2686 3422 2843 3490 quod

551 3515 728 3582 iuvat,
772 3518 927 3587 quod
969 3533 1172 3573 carum
1215 3523 1555 3586 aestumant,
1600 3519 1661 3573 id
1688 3532 1917 3588 semper
1951 3514 2215 3588 faciant:
2258 3521 2450 3572 ament
2474 3524 2697 3588 potent,
2744 3523 2843 3577 ubi

556 3618 1000 3675 adulescentiam
1037 3619 1289 3675 habuere
1321 3622 1400 3676 ibi
1439 3625 1783 3675 senectutem
1828 3623 2019 3691 ayant,
2068 3618 2200 3674 haec
2226 3617 2563 3674 adiciuntur:
2608 3622 2669 3676 in
2699 3639 2835 3679 con·

553 3720 731 3788 viviiS,
772 3722 951 3776 dediti
983 3723 1171 3778 ventri
1211 3728 1266 3778 et
1306 3697 1697 3794 turpissumae
1732 3723 1900 3792 parti
1940 3721 2220 3790 corpori&
2303 3718 2617 3794 Scripturae
2661 3741 2837 3797 paene

553 3820 703 3876 nulla
759 3829 844 3886 est
896 3823 1157 3888 varietas;
1213 3824 1367 3879 nihili
1422 3824 1565 3879 enim
1622 3832 1735 3887 est,
1809 3823 1957 3897 quod
2014 3821 2074 3882 Q
2132 3828 2189 3876 et
2232 3813 2299 3878 P1
2359 3820 2635 3896 frequenti
2700 3825 2833 3882 vitio

551 3926 800 3980 convivis
842 3925 1114 3988 exhibent,
1160 3942 1258 3982 nec
1297 3925 1450 3982 libris
1490 3919 1651 4000 pssry,
1699 3925 1793 4000 qui
1838 3930 1893 3980 et
1938 3924 2226 3985 omittunt,
2271 3923 2557 3980 advorsum
2598 3924 2835 3984 relicuo-

552 4023 962 4083 rum.omnium
1005 4045 1330 4085 consensum
1391 4027 1683 4110 quidquam
1736 4025 2101 4082 tribuendum.
2191 4025 2299 4081 lam
2354 4041 2454 4098 per
2500 4045 2558 4082 se
2607 4029 2833 4103 adparet

551 4135 788 4186 extrema
840 4130 1003 4186 verba
1054 4112 1390 4204 praegressis
1439 4135 1633 4185 ament
1668 4134 1871 4200 potent
1923 4128 2000 4183 ita
2055 4128 2385 4202 respondere
2442 4135 2503 4183 ut
2559 4129 2832 4187 chiasmus

549 4229 814 4286 admissus
859 4231 947 4294 sit,
993 4239 1242 4288 ventrem
1288 4232 1354 4287 ad
1386 4230 1714 4306 potationes,
1761 4232 2171 4301 turpissumam
2204 4235 2437 4301 partem
2468 4235 2737 4302 eorporis
2768 4233 2833 4288 ad

548 4345 760 4386 amores
811 4339 1074 4406 spectare.
1161 4331 1316 4401 Quod
1376 4332 1422 4388 si
1467 4333 1543 4389 ita
1586 4340 1697 4396 est,
1755 4333 1817 4390 in
1860 4333 2129 4390 conviviis
2172 4349 2363 4410 parum
2418 4330 2615 4410 placet.
2700 4334 2830 4393 Nam

1454 4521 1481 4540 θ
