3042 4917
514 223 598 296 82
1186 243 1794 294 conmuni-ionum
1845 243 1988 294 oar.
2035 243 2119 294 tv.

518 402 770 468 dixisset,
814 403 920 460 nisi
964 404 1031 460 ad
1074 403 1493 460 confirmandam
1537 421 1690 460 suam
1735 404 1804 462 de
1849 405 2070 479 antiqua
2115 403 2432 462 Latinorum
2489 403 2808 463 conditione

517 506 793 580 pertinere
842 505 1139 564 arbitratus
1189 513 1351 562 essct.
1435 505 1568 562 Nam
1611 523 1934 581 perversum
1989 507 2121 570 fuit,
2173 508 2220 564 si
2265 505 2586 569 Sallustius,
2653 524 2811 580 quem

518 606 724 664 Gellius
769 607 888 664 eod.
932 607 969 663 l.
1014 606 1395 666 consuetudini
1439 625 1550 664 non
1595 609 1787 664 cedere
1829 626 1942 665 non
1984 609 2230 682 potuisse
2275 608 2518 670 monuit,
2575 608 2650 663 de
2695 609 2810 664 iure

516 709 701 765 dicens
745 727 849 784 pro
892 709 973 766 eis
1014 707 1306 772 vocabulis,
1354 709 1550 782 quibus
1599 709 1691 766 illa
1735 717 1913 766 aetate
1955 709 2172 783 publice
2217 709 2444 765 Romani
2485 708 2809 772 utebantur,

518 810 784 873 obsoleta,
832 829 969 885 quae
1014 825 1173 868 nemo
1220 817 1333 866 tum
1362 809 1743 868 intellecturus
1776 819 1939 875 esset,
1982 811 2358 869 revocavisset.
2418 809 2577 878 Quod
2605 810 2658 865 si
2691 810 2812 884 quis

520 929 631 986 quo
676 912 855 969 minus
900 911 1192 986 diligenter
1234 912 1290 966 in
1324 911 1531 968 Talibus
1579 919 1856 969 versatum
1901 930 2026 968 eum
2069 929 2190 968 esse
2237 912 2520 974 ostendat,
2582 929 2694 968 nos
2751 911 2813 967 ad

519 1013 702 1070 locum
743 1012 855 1086 lug.
896 1020 993 1077 40,
1040 1019 1073 1070 2
1126 1013 1429 1076 remiserit,
1476 1012 1570 1069 ubi
1608 1029 1724 1085 per
1765 1015 2022 1070 homines
2075 1015 2317 1069 nominis
2373 1015 2545 1068 latini
2601 1031 2680 1070 ac
2727 1029 2816 1070 so·

520 1116 639 1171 cios
682 1114 921 1172 Italicos
962 1114 1087 1171 usui
1132 1113 1385 1171 sollemni
1424 1131 1733 1188 repugnare
1772 1114 2016 1172 ostendit
2053 1115 2297 1171 MommS.
2341 1114 2403 1170 H.
2440 1114 2499 1169 R.
2549 1115 2637 1171 ed.
2679 1115 2742 1170 11.
2800 1114 2820 1168 Ι

520 1233 574 1290 p.
620 1222 725 1276 400
761 1234 814 1272 n.
861 1223 911 1280 2,
957 1216 1093 1272 nihil
1134 1215 1349 1278 efficiet,
1386 1215 1642 1289 quoniam
1682 1217 1924 1289 quamvis
1957 1235 1988 1272 a
2017 1217 2412 1274 consuetudine
2457 1215 2818 1278 abhorreant,

522 1325 702 1374 tamen
744 1319 825 1375 rei
868 1337 930 1375 ac
965 1319 1186 1375 veritati
1230 1299 1297 1374 ea
1336 1316 1497 1373 verba
1529 1317 1859 1373 conveniunt
1888 1311 1962 1391 ¹);
2009 1326 2092 1375 set
2132 1317 2407 1374 hominem
2449 1318 2700 1374 nominis
2742 1317 2819 1374 la-

526 1419 641 1482 tini,
690 1436 1011 1494 quamquam
1052 1419 1217 1476 certis
1261 1417 1668 1474 conditionibus
1719 1449 1792 1460 -
1843 1418 1936 1475 illa
1979 1426 2158 1477 aetate
2217 1420 2324 1476 iam
2367 1421 2540 1476 artius
2581 1419 2819 1475 circum-

524 1520 743 1594 scriptis
772 1551 845 1560 —
872 1520 1143 1576 civitatem
1166 1519 1457 1576 Romanam
1491 1520 1730 1576 nancisci
1754 1527 1974 1594 poterat
2005 1520 2337 1595 (Marquardt
2362 1522 2484 1576 Ant.
2501 1521 2660 1576 Rom.
2688 1521 2757 1575 111
2790 1529 2817 1579 1

523 1638 579 1694 p.
626 1627 697 1689 38
740 1639 860 1694 sqq.
902 1621 1147 1677 MommS.
1190 1619 1224 1675 1.
1266 1638 1311 1676 c.
1358 1621 1379 1676 I
1421 1639 1476 1695 p.
1521 1620 1664 1694 776),
1712 1629 1892 1678 tamen
1932 1622 1977 1678 si
2018 1623 2140 1696 quis
2175 1625 2352 1679 civem
2391 1638 2470 1678 ex
2514 1623 2688 1678 Latio
2727 1623 2820 1678 ad-

525 1720 813 1796 pellasset,
878 1739 1065 1779 omnes
1110 1740 1221 1778 uno
1277 1735 1550 1779 consensu
1601 1723 2016 1788 reclamassent,
2061 1723 2284 1780 Latinos
2326 1724 2656 1798 peregrinos
2704 1741 2819 1781 non

524 1823 655 1881 civis
702 1841 838 1882 esse.
918 1823 1065 1880 Civis
1104 1838 1183 1880 ecc
1227 1824 1392 1880 latio
1435 1841 1594 1881 nemo
1639 1825 1745 1882 dici
1789 1832 2000 1899 potest,
2039 1825 2144 1882 nisi
2189 1826 2283 1899 qui
2325 1826 2542 1882 civitate
2587 1842 2820 1882 romana

524 1934 737 1982 retenta
781 1926 837 1982 in
880 1926 1034 1984 Latio
1069 1925 1277 1982 habitat
1328 1925 1422 1998 (ut
1469 1926 1534 1982 G.
1583 1927 1860 1983 Servilius
1909 1929 2050 1984 civis
2093 1943 2369 1984 romanus
2411 1943 2490 1982 ex
2531 1935 2822 1984 conventu

523 2029 941 2086 Panormitano
976 2036 1061 2084 est
1103 2046 1187 2102 ap.
1232 2027 1337 2083 Cic.
1384 2027 1441 2082 in
1486 2027 1640 2083 Verr.
1687 2027 1731 2082 V
1774 2033 1858 2091 54,
1907 2028 2044 2102 140),
2091 2036 2184 2086 aut
2229 2029 2322 2103 qui
2369 2047 2492 2085 cum
2527 2037 2692 2086 antea
2719 2047 2820 2087 no-

524 2131 687 2186 minis
738 2131 893 2188 latini
940 2131 1137 2186 fuisset
1191 2128 1366 2202 (Latio
1428 2128 1710 2202 oriundus)
1765 2129 2038 2187 civitatem
2089 2148 2368 2188 romanam
2425 2131 2656 2205 adeptus
2713 2139 2818 2188 est.

526 2230 643 2299 Quo
686 2233 847 2290 modo
894 2232 940 2288 si
981 2231 1142 2288 verba
1182 2230 1536 2305 accipiuntur,-
1584 2231 1837 2286 convenit
1881 2231 2025 2288 inter
2063 2231 2380 2290 Sallustium
2423 2240 2480 2288 et
2506 2232 2821 2307 Appianum

528 2333 621 2407 qui
662 2351 717 2406 p.
762 2339 868 2394 253
908 2331 1071 2389 Bekk.
1119 2331 1422 2406 Turpilium
1464 2322 1658 2408 ἄνδρα
1684 2317 1970 2407 Ῥωμαῖον
2005 2333 2155 2396 dixit,
2203 2341 2258 2390 et
2299 2333 2682 2398 Plutarchum,
2736 2352 2822 2390 se-

524 2433 760 2490 cundum
804 2450 966 2508 quem
1009 2432 1157 2506 (Mar.
1195 2451 1241 2490 c.
1286 2433 1341 2506 8)
1386 2411 1462 2508 ἦν
1498 2425 1564 2488 ἐκ
1603 2428 1870 2511 πατέρων
1911 2428 2084 2504 ξένος·
2117 2432 2204 2514 τῷ
2247 2429 2555 2515 Μετέλλῳ.
2607 2437 2696 2490 -At
2743 2435 2823 2492 al-

528 2543 646 2590 tera
690 2535 939 2607 quaestio
983 2535 1178 2597 oritur,
1228 2551 1337 2608 quo
1369 2535 1532 2592 verba
1554 2535 1648 2592 illa
1677 2537 2007 2611 pertineant.
2079 2537 2188 2592 lam
2216 2544 2434 2594 constat
2467 2535 2590 2610 lege
2623 2537 2820 2594 Porcia

528 2643 771 2692 sanctum
818 2636 987 2692 fuisse
1029 2653 1097 2692 ne
1142 2635 1199 2691 in
1248 2643 1425 2693 morte
1467 2639 1857 2696 condemnatos
1913 2638 2229 2695 verberibus
2275 2640 2430 2713 prius
2479 2623 2822 2697 animadvor-

528 2744 743 2795 teretur
785 2735 903 2810 (cfr.
950 2737 1061 2793 Cat.
1108 2746 1192 2800 51,
1239 2745 1323 2796 22.
1370 2736 1479 2793 Liv.
1527 2739 1574 2794 X
1610 2747 1659 2800 9.
1703 2739 1808 2798 Cic.
1851 2741 1906 2796 in
1951 2739 2103 2796 Verr.
2151 2740 2194 2795 V
2237 2747 2337 2803 63,
2390 2747 2502 2802 162.
2547 2758 2631 2815 pr.
2683 2740 2819 2803 Rab,

528 2847 577 2904 4,
630 2846 709 2898 12.
764 2839 831 2894 de
868 2839 1001 2914 Rep.
1045 2839 1089 2894 ll
1132 2847 1228 2903 31,
1272 2847 1357 2901 53.
1420 2840 1600 2896 Drum.
1651 2840 1695 2895 V
1736 2861 1789 2916 p.
1840 2850 1925 2903 95.
2003 2841 2267 2916 Gattling.
2314 2841 2504 2899 Gesch.
2563 2842 2615 2897 d.
2660 2842 2819 2898 Rom.

530 2941 843 3000 Staatsvers.
905 2959 959 3016 p.
1028 2947 1150 3003 427.
1230 2940 1415 3018 Pauly.
1472 2941 1710 3000 R.-Enc.
1767 2944 1833 2999 IV
1893 2962 1946 3018 p.
2004 2951 2108 3004 992
2165 2943 2330 3017 sq.).⁴
2402 2943 2570 3011 Quam
2635 2941 2823 3016 legem

445 3115 455 3126 ³
530 3062 853 3119 quamquam
913 3052 1067 3102 extra
1134 3043 1325 3101 urbem
1388 3061 1779 3118 nonnunquam
1824 3045 2128 3119 neglectam
2175 3062 2295 3102 esse
2351 3045 2552 3101 scimus
2607 3043 2818 3118 (Pauly.

528 3145 697 3204 R.-E.
741 3146 807 3202 Vl
842 3165 897 3222 p.
934 3146 1129 3221 2467),
1180 3153 1357 3204 tamen
1406 3147 1452 3202 si
1498 3146 1775 3220 Turpilius
1819 3147 1950 3204 civis
1995 3147 2268 3204 Romanus
2309 3147 2440 3210 fuit,
2501 3145 2662 3202 verba
2703 3144 2820 3208 illa,

526 3249 593 3304 de
640 3248 835 3322 quibus
884 3237 1122 3322 agimus,
1179 3267 1410 3323 prorsus
1455 3265 1716 3323 pervorsa
1761 3257 1920 3312 sunt,
1978 3266 2155 3323 neque
2203 3248 2320 3304 ullo
2375 3249 2538 3304 mo'do
2599 3247 2824 3304 defendi

528 3356 791 3424 possunt,
847 3349 952 3405 nisi
1006 3357 1070 3406 ut
1120 3359 1281 3406 antea
1324 3351 1585 3408 excidisse
1631 3351 1892 3408 nonnulla
1933 3335 2265 3413 statuamus,
2330 3349 2527 3424 quibus
2567 3348 2695 3406 Sall.
2734 3349 2820 3404 in-

528 3450 869 3525 probandum
924 3450 1095 3508 fuisse
1150 3451 1287 3508 illud
1341 3451 1574 3526 subplici
1627 3471 1800 3526 genus
1854 3452 2095 3534 dixisset.
2175 3451 2362 3526 Neque
2414 3450 2822 3525 neglegendum

374 3549 416 3617 ’,
468 3631 474 3637 ⁵
531 3559 641 3613 est,
697 3551 889 3624 utique
937 3552 1133 3608 mirum
1174 3569 1295 3610 esse
1324 3597 1337 3617 ‚
1384 3571 1483 3610 cur
1528 3553 1818 3612 Sallustius
1875 3557 2015 3612 civis
2059 3570 2137 3610 ecc
2184 3554 2348 3610 Latio
2393 3553 2600 3615 dicere,
2655 3570 2821 3627 quam

528 3652 852 3727 simpliciter
898 3653 1069 3709 civem
1122 3654 1425 3728 Turpilium
1478 3655 1650 3714 fuisse
1685 3674 2096 3714 conmemorare
2139 3656 2408 3712 maluerit.
2489 3654 2584 3711 Set
2624 3673 2695 3711 ne
2737 3653 2819 3710 le-

528 3756 648 3813 vius
681 3756 737 3811 in
782 3772 841 3810 re
886 3762 1033 3813 tanta
1062 3757 1479 3830 pervestiganda
1521 3776 1820 3822 vorsemur,
1865 3776 1998 3814 num
2023 3758 2246 3833 probari
2291 3775 2354 3814 ea
2386 3756 2547 3813 verba
2579 3756 2818 3830 possint,

528 3860 577 3915 si
623 3856 926 3934 Turpilium
971 3858 1111 3914 Latii
1156 3859 1289 3914 iuris
1332 3859 1503 3916 fuisse
1541 3867 1860 3923 statuamus,
1902 3860 2016 3916 sive
2053 3860 2104 3916 id
2151 3859 2482 3916 emendando
2529 3875 2646 3914 non
2681 3861 2844 3916 civis·

526 3967 616 4018 set
652 3977 731 4018 ex
773 3962 957 4030 Latia,
990 3961 1111 4020 ‚sive
1157 3960 1264 4017 alio
1302 3962 1465 4018 modo
1504 3961 1644 4019 effici
1685 3962 1951 4026 volumuS,
1994 3961 2360 4037 quaerendum
2388 3960 2618 4017 videtur.
2686 3961 2822 4018 Pro-

602 4109 652 4176 1)
690 4109 749 4160 Si
774 4110 961 4176 aliqua
986 4111 1319 4176 suspicionis
1346 4126 1546 4161 caussa
1573 4111 1644 4160 ab
1699 4126 1800 4160 nus
1837 4110 2175 4173 dubitanter,
2220 4109 2364 4175 quod
2399 4109 2517 4174 ipse
2556 4109 2691 4158 Sall.
2731 4109 2817 4172 42,

530 4195 816 4246 codicibus
862 4197 1245 4273 praeberetur,
1316 4195 1525 4246 Italicos
1577 4211 1646 4246 ex
1703 4195 1728 4245 1
1767 4201 1918 4246 recte
1950 4211 2054 4261 per
2083 4198 2252 4246 socios
2287 4211 2350 4244 ac
2381 4209 2556 4244 nomen
2581 4193 2822 4244 Latinum

530 4280 862 4346 glossemate
886 4286 1077 4331 natum
1103 4281 1421 4343 arbitrarer,
1456 4295 1520 4330 eo
1548 4281 1647 4330 mi·
1698 4284 1924 4345 scripsit.
