3042 4917
1565 106 1597 131 ᾳ

1738 180 1757 209 ⁸

540 244 624 305 30
765 252 783 273 ³
965 236 1016 289 Φ
1063 244 1079 254 ”
1159 299 1190 328 ‚
1237 229 1845 307 connenrmrmuuat
1873 261 2028 337 031³.
2076 262 2148 305 11.

652 462 677 495 ἦ
709 417 823 489 lug.
867 422 996 479 108,
1039 422 1074 475 2
1129 422 1254 505 {gnte
1301 433 1414 489 quo
1442 398 1903 473 restonmunis
1945 418 2207 475 licentius
2250 422 2559 490 yereretur
2601 416 2824 491 aliquid,

539 526 688 576 certe
733 520 1006 591 integrum
1049 535 1264 575 versum
1309 519 1587 582 excidisse,
1635 520 1741 575 iam
1794 519 1921 581 olim
1964 520 2118 576 Obss
2164 520 2310 576 critt.
2354 538 2410 593 p,
2454 527 2525 580 30
2569 538 2650 594 sq.
2694 536 2826 575 con-

543 620 706 677 tendi.
795 620 962 687 Quam
998 620 1352 683 sententiam,
1403 624 1490 677 cui
1528 620 1767 677 Kritzius
1811 621 2321 695 adstipulatusest,
2366 639 2467 678 cur
2513 639 2657 678 nunc
2694 620 2826 677 abii-

537 724 704 785 ciam,
753 720 955 777 nullam
1000 738 1246 779 caussam
1290 723 1461 779 video.
1550 723 1683 779 Nam
1726 740 1862 796 quae
1906 722 1972 778 ad
2014 722 2413 780 defendundum
2456 740 2567 795 quo
2610 721 2825 797 prolata

539 832 668 881 sunt
711 822 778 879 ab
821 823 1065 881 Iacobsio
1109 831 1164 879 et
1212 824 1492 897 Wagnero
1538 823 1781 897 (Ztschr.
1839 824 1924 879 fiir
1964 824 2059 880 das
2114 824 2173 879 G.
2219 826 2307 881 W.
2354 824 2421 880 IX
2456 843 2509 899 p.
2552 828 2655 885 799
2700 822 2825 897 sq.)‚

539 935 596 983 et
636 925 856 999 linguae
898 924 1095 981 latinae
1137 924 1352 999 legibus
1407 934 1715 1001 repugnant
1774 932 1828 982 et
1870 943 1937 982 eo
1978 926 2319 990 refutantur,
2383 927 2528 1001 quod
2572 944 2695 983 cum
2741 942 2827 981 se-

541 1036 742 1103 quatur
782 1044 916 1085 nam
961 1028 1032 1083 ab
1073 1029 1300 1085 insidiis
1351 1030 1474 1085 eius
1519 1030 1689 1085 aliter
1732 1029 1931 1085 caveri
1970 1030 2323 1101 nequivisse,
2366 1028 2683 1085 Sallustium
2728 1045 2827 1084 cur
2923 1082 2937 1094 ,

539 1130 1116 1205 legatum11ugurthae
1150 1120 1414 1187 'Bocchus
1459 1131 1781 1193 admisisset,
1828 1146 1939 1185 non
1981 1130 2415 1204 praetermisisse
2461 1130 2825 1187 manufestum

539 1242 649 1297 est,
679 1233 732 1289 id
774 1232 920 1307 quod
961 1240 1117 1288 acute
1162 1239 1562 1306 perspexerunt
1604 1233 1657 1289 ei
1692 1232 1901 1291 librarii
1942 1232 2035 1306 qui
2079 1250 2181 1289 suo
2220 1240 2393 1289 marte
2438 1233 2685 1299 lacunam
2734 1248 2824 1288 ex-

537 1336 689 1410 plere
731 1335 914 1392 conati
947 1342 1092 1391 sunt.
1182 1334 1298 1401 Quo
1345 1341 1669 1407 argumento
1710 1334 1870 1390 simul
1913 1334 2169 1391 Gronovii
2210 1334 2522 1392 coniectura
2551 1336 2690 1406 quin
2712 1334 2827 1389 -rei-

539 1439 698 1496 citur.
782 1437 1054 1493 Ceterum.
1079 1454 1200 1492 cum
1237 1436 1324 1493 hic
1369 1436 1522 1493 locus
1556 1436 1870 1493 testimonio
1912 1436 2000 1499 sit,
2036 1417 2325 1511 exemplar,
2372 1436 2514 1492 unde
2551 1417 2828 1510 posterio-

541 1556 630 1595 res
681 1538 892 1594 librarii
951 1537 1390 1612 conplementum
1447 1538 1657 1612 amplae
1712 1538 1859 1594 illius
1914 1536 2165 1601 lacunae,
2222 1556 2358 1614 quae
2408 1538 2825 1595 vetustissumos

543 1658 730 1697 omnes
771 1641 945 1696 libros
991 1639 1204 1703 insedit,
1252 1656 1525 1715 accepere,
1574 1641 1757 1697 eadem
1801 1648 1994 1697 natura
2038 1640 2225 1704 fuisse,
2276 1649 2441 1715 atque
2484 1640 2635 1703 illud,
2681 1640 2825 1695 unde

539 1744 744 1800 relicua
798 1750 1099 1818 propagata
1145 1748 1298 1805 sunt,
1365 1760 1427 1799 ea
1482 1759 1643 1816 quam
1688 1759 1853 1817 supra
1894 1742 2003 1799 dixi
2048 1732 2349 1806 sententia,
2410 1760 2597 1800 omnes
2651 1740 2825 1797 libros

539 1864 702 1903 manu
745 1846 982 1922 scriptos
1025 1861 1187 1901 unam
1232 1845 1565 1917 eandemque
1612 1844 1879 1918 originem
1923 1843 2139 1908 habere,
2182 1844 2550 1902 confirmatur.

710 1948 782 2003 De
818 1947 896 2003 eis
941 1946 1104 2009 locis,
1161 1945 1252 2002 ubi
1313 1964 1377 2001 ex
1416 1936 1809 2003 vetustioribus
1868 1934 2023 2003 libris
2084 1948 2231 2021 quod
2290 1948 2345 2003 in
2390 1947 2609 2003 relicuis
2660 1946 2825 2002 omis-

539 2068 660 2107 sum
723 2046 1096 2123 recipiundum
1150 2047 1422 2111 videatur,
1491 2048 1633 2105 infra
1686 2048 1993 2123 disputabo.
2084 2050 2338 2106 Ceterum
2398 2065 2512 2105 non
2574 2048 2823 2105 omittam

537 2170 648 2209 uno
695 2152 816 2208 loco
855 2158 1140 2225 praeterea
1180 2150 1312 2205 mihi
1358 2150 1527 2206 visum
1582 2168 1701 2207 esse
1746 2133 1949 2225 aliquid
1996 2152 2283 2219 excidisse,
2357 2152 2469 2224 lug.
2518 2157 2599 2213 18.
2641 2156 2672 2211 7
2719 2150 2826 2206 Nu-

537 2255 800 2311 midarum
837 2252 1074 2309 nominis
1119 2232 1388 2325 originem
1429 2252 1555 2308 Sall.
1599 2252 1973 2311 declaraturus
2012 2255 2145 2312 haec
2176 2255 2423 2329 scripsit:
2478 2254 2556 2309 Ei
2586 2251 2826 2326 (Persae)

533 2358 816 2429 paulatim
851 2370 962 2427 per
997 2355 1240 2411 conubia
1288 2354 1559 2410 Gaetulos
1604 2370 1798 2411 secum
1846 2358 2128 2413 miscuere
2180 2362 2235 2411 et
2284 2358 2421 2427 quia
2466 2370 2643 2426 saepe
2688 2362 2827 2411 tem-

535 2464 766 2531 ptantes
812 2472 985 2529 αρν-οε
1029 2458 1164 2525 alia,
1211 2458 1413 2512 deinde
1455 2458 1573 2513 alia
1616 2458 1741 2513 loca
1776 2461 2125 2529 petiverant,
2180 2464 2356 2513 semet
2397 2458 2513 2529 ipsi
2545 2459 2829 2513 nomadas
2912 2508 2921 2515 .

538 2562 921 2631 adpellavere.
1005 2557 1272 2614 Nomadas
1315 2558 1383 2613 ab
1437 2558 1710 2632 scriptore
1750 2560 2015 2635 scriptum
2067 2561 2235 2617 fuisse
2280 2576 2402 2617 cum
2450 2559 2825 2617 vetustissumi

539 2662 822 2735 eidemque
871 2660 1080 2734 optumi
1125 2659 1251 2715 libri
1290 2668 1687 2725 contestantur,
1726 2669 1843 2718 tum
1880 2663 2003 2719 inde
2047 2663 2411 2719 manufestum
2454 2667 2556 2723 est,
2600 2662 2827 2733 quodsi

539 2764 594 2819 id
638 2755 956 2820 vocabulum
1000 2778 1111 2818 non
1155 2764 1458 2837 posuisset,
1505 2779 1667 2819 nemo
1712 2764 1869 2820 facile
1910 2764 2039 2838 quid
2090 2763 2193 2821 sibi
2236 2763 2399 2820 vellet
2444 2760 2829 2832 intellecturus

539 2866 658 2921 suit.
746 2863 924 2919 Nihilo
969 2864 1148 2921 minus
1178 2864 1374 2921 mirum
1409 2872 1511 2927 est,
1558 2865 1604 2921 si
1650 2865 1701 2921 S.
1743 2866 1795 2920 id
1841 2866 2019 2939 ipsum
2050 2882 2265 2928 nomen,
2310 2866 2467 2922 cuius
2504 2864 2829 2937 originatio-

539 2986 662 3025 nem
718 2966 1007 3023 ostendere
1063 2966 1210 3031 velit,
1265 2984 1335 3023 ne
1381 2968 1870 3023 conmemoraverit
1926 2969 2159 3042 quidem.
2246 2967 2399 3036 Quod
2454 2984 2541 3022 me
2595 2966 2651 3021 in
2708 2984 2828 3023 eam

538 3052 774 3127 mentem
830 3068 1056 3143 inpulit,
1115 3077 1177 3125 ut
1232 3068 1581 3125 scribundum
1626 3068 1922 3125 arbitrarer
1975 3078 2150 3127 semet
2202 3072 2318 3142 ipsi
2364 3069 2646 3125 Num-idas
2690 3071 2729 3123 i.
2776 3084 2826 3125 e.

537 3174 816 3230 nomadas
860 3172 1242 3243 adpellavere.
1337 3170 1433 3227 Set
1475 3170 1717 3244 quamvis
1761 3169 1811 3227 ei
1862 3172 2206 3227 coniecturae
2252 3171 2455 3245 aliquid
2500 3171 2829 3228 conmenda-

538 3275 705 3331 tionis
743 3274 811 3331 ab
845 3274 924 3331 eis
965 3271 1120 3329 libris
1163 3273 1422 3329 adcedere
1465 3273 1756 3336 videretur,
1808 3274 1900 3347 qui
1947 3290 2049 3347 pro
2086 3276 2367 3331 nomadas
2406 3272 2663 3329 exhibent
2705 3274 2827 3329 Nu-

538 3378 741 3444 midas,
789 3374 1163 3449 superscripto
1211 3375 1300 3430 vel
1339 3376 1649 3442 instabiles,
1692 3383 1872 3430 tamen
1916 3376 1981 3431 de
2018 3392 2079 3431 ea
2124 3394 2184 3432 re
2234 3375 2354 3432 aliis
2397 3374 2655 3431 iudicium
2700 3392 2827 3448 per-

538 3480 756 3535 mittere
787 3477 967 3539 malui,
1011 3493 1076 3531 eo
1107 3477 1296 3549 magis,
1341 3475 1487 3550 quod
1517 3475 1807 3533 Sallustius
1845 3478 1915 3540 id,
1950 3478 2095 3551 quod
2134 3476 2529 3534 dubitationem
2562 3484 2826 3538 moveret,

541 3581 716 3637 verbis
771 3580 911 3635 infra
957 3588 1017 3638 11
1083 3594 1154 3633 ac
1206 3585 1406 3649 postea
1460 3580 1686 3635 nomine
1737 3580 2019 3638 Numidae
2046 3600 2051 3605 ·
2076 3578 2295 3653 scriptis
2352 3579 2469 3653 ipse
2526 3578 2827 3634 removisse

535 3682 702 3739 videri
745 3688 950 3755 posset.
2428 3692 2436 3697 ·

707 3784 1041 3857 Quicumque
1081 3781 1396 3838 Sallustium
1427 3782 1645 3839 adtente
1691 3782 1901 3856 legerit,
1950 3800 2072 3839 eum
2118 3782 2185 3838 ah
2234 3782 2489 3839 conmuni
2527 3789 2827 3847 consuetu-

535 3889 659 3945 dine
701 3888 1081 3949 Romanorum,
1127 3893 1187 3941 ut
1225 3885 1318 3941 ubi
1363 3884 1561 3958 aliquis
1604 3884 1839 3959 primum
1874 3884 2251 3941 nominaretur
2292 3900 2624 3959 praenomen
2665 3902 2827 3958 prae-

536 3991 862 4053 mitteretur,
909 4006 1020 4044 non
1053 3988 1344 4044 recessisse
1373 3986 1561 4042 multis
1600 3986 1737 4041 locis
1767 3985 2104 4060 exploratum
2143 3986 2391 4061 habehit„
2467 3984 2581 4053 Qua
2612 4004 2671 4042 re
2711 4003 2825 4042 non

535 4091 772 4148 dubitavi
813 4091 926 4164 lug.
978 4100 1052 4153 15,
1100 4098 1135 4152 3
1163 4090 1242 4145 M.
1287 4096 1478 4146 contra
1522 4089 1699 4145 omnis
1738 4088 1911 4144 libros
1947 4088 2205 4151 inserere,
2253 4082 2597 4162 quamquam⁴
2624 4088 2824 4149 fateor,

535 4195 663 4250 mihi
709 4192 902 4249 melius
943 4193 1156 4267 placere
1197 4192 1282 4252 M.
1323 4192 1603 4260 Senum&
1646 4198 1707 4246 ut
1748 4198 1835 4260 25,
1868 4197 1902 4249 4
1945 4190 2257 4246 nominatus
2294 4197 2392 4252 est,
2439 4196 2501 4244 ut
2546 4190 2830 4245 Aemilius

534 4296 721 4371 potius
767 4294 1036 4367 glossema
1082 4295 1180 4361 sit;
1239 4302 1430 4351 contra
1474 4300 1569 4355 28,
1618 4300 1651 4351 4
1705 4310 2035 4367 praenomen
2074 4308 2183 4348 non
2224 4308 2386 4364 aegre
2430 4290 2825 4347 desideramus,
