3042 4917
904 318 1509 365 commnn'rronnu
1557 319 1700 365 car.
1744 318 1831 362 iv.
2442 294 2522 361 73

234 486 454 557 putent.
542 477 673 535 Nam
711 476 835 534 Naz.
880 494 1003 535 cum
1046 492 1171 533 sese
1214 477 1478 541 exhibeat,
1522 483 1699 533 tamen
1743 492 1806 533 se
1849 483 2160 550 suspectum
2204 493 2316 533 non
2345 477 2524 535 reddit

234 591 288 640 et
336 581 653 656 Hieronymi
700 580 1017 637 testimonio
1065 586 1179 635 tum
1220 580 1436 636 demum
1488 578 1693 653 aliquid
1734 579 2078 635 tribuendum
2119 580 2352 644 videtur,
2399 598 2524 638 cum

232 685 353 742 eius
390 684 607 741 codices
650 682 947 756 diligenter
993 681 1261 757 explorati
1306 682 1530 738 fuerint.
1619 681 1862 745 Scilicet,
1915 698 2044 737 num
2083 682 2288 758 aliquid
2328 701 2522 741 errore

234 786 449 843 librarii
480 803 549 841 an
583 802 707 841 vere
736 792 994 857 recteque
1026 782 1437 841 omissum'esse
1468 784 1816 841 statuendum
1851 786 1938 847 sit,
1967 802 2090 840 cum
2125 786 2287 843 etiam
2310 787 2524 861 optumi

234 887 365 944 libri
408 894 465 943 et
507 903 575 943 ne
616 879 683 942 P1
734 886 949 959 quidem
995 885 1195 942 talibus
1232 887 1513 943 erroribus
1570 902 1800 960 prorsus
1851 885 2009 945 liberi
2055 887 2191 951 sint,
2245 890 2311 946 de
2355 907 2418 946 ea
2466 906 2524 946 re

235 989 498 1047 iudicium
536 987 736 1061 pendet
770 1004 836 1042 ex
875 988 1089 1044 dicendi
1128 988 1524 1044 consuetudine
1569 995 1626 1043 et
1669 988 1778 1045 loci
1815 990 2078 1063 cuiusque
2121 974 2332 1048 natura.
2407 994 2523 1049 Fa-

236 1095 424 1165 tiyare
475 1089 646 1163 igitur
707 1088 800 1144 ubi
852 1088 1100 1145 reflexive
1155 1088 1358 1145 dictum
1400 1096 1574 1151 esset,
1626 1108 1786 1147 nemo
1829 1091 2002 1149 adhuc
2057 1094 2328 1157 ostendit,
2383 1095 2524 1153 etsi

235 1193 382 1268 quod
428 1190 595 1248 semel
631 1191 939 1247 inveniatur
982 1196 1277 1265 propterea
1325 1199 1475 1247 recte
1520 1191 1801 1266 inprobari
1845 1194 2144 1265 negaveris,
2189 1203 2370 1253 tamen
2411 1196 2526 1254 Sal—

236 1296 465 1351 lustium
504 1311 615 1350 non
659 1293 822 1349 modo
867 1292 1222 1354 insolentius,
1270 1302 1354 1348 set
1398 1294 1463 1349 ad
1500 1302 1719 1367 captum
1764 1294 2042 1351 hominum
2087 1312 2280 1369 parum
2314 1300 2525 1373 perspi-

236 1416 337 1455 cue
384 1395 674 1470 scripsisse
718 1393 939 1450 infitiari
984 1411 1094 1450 non
1140 1396 1369 1468 poteris.
1443 1396 1562 1452 Non
1611 1397 1784 1470 magis
1837 1413 1970 1469 ergo
2029 1396 2134 1453 hoc
2184 1397 2308 1455 loco
2362 1402 2526 1458 unius

237 1499 364 1556 libri
412 1498 737 1555 auctoritate
782 1511 843 1552 se
886 1496 1192 1553 eiciundum
1234 1497 1447 1553 videtur
1472 1540 1485 1560 ,
1534 1515 1694 1571 quam
1735 1504 1794 1560 4,
1839 1506 1871 1558 5
1917 1505 1971 1554 et
2028 1498 2153 1572 quia
2193 1495 2384 1558 P3Bm²
2422 1503 2526 1561 soli

238 1601 522 1659 omittunt.
624 1599 825 1654 Contra
880 1598 1050 1654 eiusd.
1107 1616 1223 1673 cap.
1280 1606 1314 1658 4
1366 1606 1659 1673 postquam
1719 1616 1874 1670 sum,
1934 1602 2078 1675 quod
2133 1606 2416 1661 commode
2471 1606 2526 1662 in

238 1702 551 1760 recentiore
605 1700 768 1775 primi
826 1701 1042 1773 generis
1101 1700 1305 1757 familia
1368 1709 1746 1757 conservatum
1793 1709 1904 1764 est,
1952 1703 2005 1758 in
2051 1706 2156 1759 sim
2195 1715 2524 1783 conruptum

238 1806 363 1868 fuit,
412 1811 467 1861 et
510 1810 701 1860 contra
747 1802 1070 1859 sententiam
1115 1800 1342 1858 inlatum
1386 1821 1535 1865 esse,
1597 1810 1703 1858 tam
1761 1811 2009 1877 apertum
2059 1815 2168 1869 est,
2223 1817 2285 1864 ut
2331 1810 2416 1865 vix
2459 1812 2525 1867 de

238 1926 305 1965 ea
362 1923 423 1963 re
480 1905 862 1979 disputandum
918 1904 1177 1959 videatur.
1280 1904 1371 1961 Set
1428 1905 1594 1980 paulo
1651 1913 1778 1979 post
1835 1909 1974 1975 mei,
2024 1925 2146 1964 cum
2198 1910 2526 1984 paucissumi

240 2010 403 2084 eique
442 2006 611 2063 malae
654 2014 817 2062 notae
864 2006 989 2062 libri
1035 2006 1089 2062 in
1135 2024 1202 2062 eo
1244 2006 1510 2063 vocabulo
1549 2008 1782 2070 varient,
1842 2008 1995 2064 nullo
2040 2011 2202 2067 modo
2249 2012 2527 2087 expellun-

240 2112 373 2169 dum
433 2111 669 2171 videtur,
728 2126 849 2164 cum
904 2108 1229 2183 praesertim
1285 2113 1365 2164 vis
1423 2110 1683 2183 quaedam
1739 2110 1897 2174 insit,
1961 2112 2163 2186 quippe
2229 2115 2304 2170 ita
2355 2115 2528 2172 Sallu-

242 2214 387 2271 stius
438 2213 581 2269 dicat
638 2228 695 2266 se
768 2210 1057 2268 consilium
1118 2228 1325 2267 summa
1380 2212 1545 2268 animi
1602 2210 1881 2268 voluntate
1936 2221 2152 2288 captum
2219 2218 2528 2275 mutavisse.

238 2314 414 2371 Multo
471 2314 777 2387 suspectius
839 2323 925 2369 est
982 2329 1139 2387 pron.
1192 2331 1340 2387 poss.
1388 2322 1515 2377 110,
1563 2322 1596 2375 3
1651 2332 1769 2387 qua
1822 2317 1983 2386 apud
2035 2333 2218 2375 meum
2276 2323 2529 2377 animum

239 2418 391 2473 nihil
430 2418 627 2473 carius
678 2421 779 2477 est,
828 2414 1083 2489 quoniam
1129 2415 1203 2470 ibi
1258 2415 1312 2470 in
1354 2415 1635 2489 plerisque
1675 2416 1830 2475 libris
1871 2418 2148 2477 turbatum
2193 2430 2304 2487 est,
2362 2432 2418 2481 at
2462 2425 2530 2482 ab

240 2520 517 2576 sententia
562 2515 695 2573 nihil
743 2516 941 2579 obstat,
990 2534 1097 2591 quo
1136 2516 1315 2572 minus
1364 2524 1648 2591 optumum
1687 2520 1807 2576 cod.
1846 2520 1902 2582 Q
1947 2540 2266 2596 sequamur;
2299 2526 2397 2583 cfr.
2445 2534 2526 2591 14,

238 2629 311 2681 22
357 2624 545 2677 animo
592 2634 714 2675 meo
758 2621 1091 2675 caria-sume.
1180 2618 1383 2675 Contra
1423 2627 1519 2683 85,
1569 2627 1634 2682 27
1692 2638 1771 2677 ex
1827 2627 2006 2680 animi
2059 2632 2340 2684 sententia
2383 2638 2531 2687 recte

238 2727 355 2781 mei
397 2723 618 2779 eiecisse
656 2720 788 2776 mihi
832 2721 1043 2793 videor,
1106 2721 1361 2795 quoniam
1421 2723 1477 2779 in
1520 2725 1922 2782 vetustissumis
1966 2726 2124 2783 libris
2173 2737 2380 2788 tantum
2419 2750 2529 2789 non

241 2826 499 2885 omnibus
546 2824 807 2879 omissum
854 2830 965 2886 est,
1024 2840 1349 2897 quamquam
1390 2826 1444 2880 in
1494 2825 1745 2881 formulis
1783 2828 2051 2884 censoriis
2094 2828 2316 2902 (Cicsd.
2361 2852 2440 2891 or.
2487 2835 2532 2891 11

156 2948 165 2953 '
238 2936 329 2992 64,
372 2934 494 2989 260.
538 2924 672 2981 Gell.
717 2925 777 2980 N.
822 2924 883 2980 A.
930 2925 995 2979 1V
1038 2931 1122 2987 20,
1168 2924 1221 2998 3)
1263 2934 1318 2983 et
1364 2927 1575 2983 iurandi
1620 2927 1811 2999 (Beier.
1859 2930 1924 2985 ad
1963 2931 2068 2987 Cic.
2117 2932 2167 2987 d.
2216 2934 2305 2990 off.
2350 2936 2529 2999 11129‚

242 3030 367 3104 108)
412 3046 717 3105 pronomen
750 3027 1119 3103 possessivum
1156 3026 1495 3085 sollemniter
1537 3029 1770 3085 additur.
1845 3030 2060 3088 Scilicet
2105 3034 2316 3091 facilius
2357 3038 2531 3093 careri

234 3138 447 3209 potest,
494 3148 615 3187 cum
655 3130 940 3205 praecedat
985 3145 1089 3184 mc.
1715 3137 1723 3145 ‘

414 3233 530 3307 lug.
577 3242 625 3295 5,
673 3242 703 3293 5
760 3232 949 3303 Iyitur
994 3233 1245 3287 amicitia
1286 3230 1633 3287 Masinissae
1689 3234 1838 3290 bona
1877 3242 2048 3307 atque
2092 3238 2332 3295 honesta
2376 3242 2535 3297 nobis

232 3338 582 3411 permansit.
683 3334 781 3391 Set
830 3336 1025 3407 inperi
1080 3335 1338 3405 vitaeque
1399 3338 1521 3390 eius
1571 3336 1708 3406 finis
1759 3338 1906 3393 idem
1957 3338 2103 3411 fuit,
2160 3347 2248 3397 set
2290 3342 2535 3417 ineptum

242 3448 347 3503 est,
390 3456 570 3512 neque
616 3426 761 3511 quod
806 3455 910 3511 ego
956 3437 1085 3493 olim
1134 3452 1243 3508 quo
1288 3437 1634 3493 defenderem
1673 3439 2118 3513 excogitaveram,
2163 3460 2340 3519 neque
2387 3447 2535 3522 quod

238 3542 483 3599 Kritzius
527 3558 703 3614 nuper
760 3540 895 3595 dixit
944 3539 1267 3613 praegnanti
1326 3556 1491 3595 sensu
1551 3542 1775 3612 inperio
1823 3550 1998 3601 totum
2038 3553 2202 3619 atque
2249 3548 2535 3607 indivisum

239 3662 475 3719 regnum
529 3642 807 3698 Numidiae
862 3636 1206 3713 significari,'
1248 3641 1467 3715 probari
1538 3649 1738 3716 potest.
1815 3645 2010 3703 Narrat
2055 3648 2345 3707 Sallustius
2402 3652 2538 3708 nihil

240 3746 407 3809 aliud,
454 3744 563 3801 nisi
608 3744 944 3800 Masinissam
994 3744 1057 3799 ad
1101 3742 1263 3799 finem
1310 3746 1450 3801 vitae
1500 3762 1676 3819 usque
1723 3745 1991 3822 inperium
2039 3750 2367 3815 obtinuisse,
2416 3754 2448 3807 i.
2489 3771 2536 3809 e.

240 3848 392 3905 nulla
434 3864 496 3903 re
540 3846 656 3901 eius
702 3846 971 3920 inperium
1002 3842 1434 3902 conlabefactum
1469 3854 1563 3903 aut
1603 3848 1918 3906 infestatum
1951 3868 2088 3915 esse,
2134 3860 2247 3909 tum
2277 3854 2342 3909 ad
2368 3852 2538 3910 filium

241 3950 575 4026 pervenisse.
659 3948 766 4003 Cur
810 3954 990 4002 autem
1038 3945 1209 4003 illud?
1289 3948 1397 4003 Cur
1443 3965 1555 4003 non
1623 3942 1941 4024 simpliciter
1980 3960 2112 4027 post
2153 3962 2385 4010 mortem
2420 3955 2536 4011 eius

240 4053 521 4126 Micipsam
577 4048 747 4105 filium
799 4066 1027 4122 regnum
1088 4048 1426 4105 obtinuisse?
1520 4050 1698 4106 Facile
1757 4054 2008 4127 adparet,
2065 4054 2119 4109 id
2169 4072 2289 4111 eum
2337 4057 2538 4113 sactum

241 4170 468 4211 censere
516 4151 662 4226 quod
708 4168 923 4226 semper
966 4150 1245 4207 Masinissa
1284 4149 1492 4225 populo
1539 4169 1764 4209 romano
1796 4154 1998 4211 amicus
2044 4155 2256 4213 fuisset.
2327 4157 2440 4227 Qua
2475 4176 2535 4215 re

244 4256 377 4313 haec
419 4254 589 4311 verba
634 4253 786 4310 nullo
832 4254 996 4311 modo
1042 4252 1493 4328 praecedentibus
1539 4253 1742 4328 obponi
1789 4265 2050 4331 possunt;
2097 4259 2299 4315 rectius
2338 4276 2439 4333 per
2481 4266 2539 4317 et

244 4358 693 4434 adiungerentur,
740 4356 794 4413 id
838 4357 986 4432 quod
1030 4354 1329 4430 Bojesenus
1368 4357 1634 4422 coniecit;
1690 4365 1746 4413 at
1789 4360 1901 4417 veri
1949 4360 2181 4419 similius
2223 4367 2325 4425 est,
2369 4362 2538 4439 parti-
