3042 4917
899 298 1510 347 cosunsmrronun
1558 301 1701 346 ear.
1743 300 1830 349 ιν.
2430 283 2513 350 99

225 466 440 532 pturam
483 453 650 531 volgo
693 465 966 532 receptam
1015 456 1362 536 inmutavisse
1418 456 1719 532 intelleges.
1810 457 1919 518 Nec
1980 458 2152 534 magis
2207 477 2399 518 vereor
2441 477 2510 516 ne

223 560 274 616 in
321 559 648 616 temeritatis
691 560 896 616 crimen
926 560 1214 623 incurram,
1262 561 1408 633 quod
1453 577 1589 634 quae
1632 570 1937 635 sequuntur
1973 577 2123 634 quae
2164 563 2382 618 scilicet
2424 568 2511 618 ta-

220 669 380 718 cente
409 663 536 732 ipso
569 664 791 718 occulta
818 663 1074 734 pectoris
1095 663 1447 735 patefecisse
1478 661 1629 719 solus
1670 663 1724 718 in
1760 658 2155 720 dubitationem
2189 663 2508 720 vocaverim.

221 763 350 818 Nam
408 762 647 838 primum
710 780 858 836 quae
911 764 1090 820 minus
1146 773 1291 821 recte
1347 765 1415 820 ad
1482 765 1861 839 praecedentia
1915 766 2181 828 refertur,
2245 773 2301 821 et
2362 765 2508 838 quod

197 866 351 922 clim
397 866 671 928 contendi,
720 865 986 940 pluralem
1028 883 1138 923 non
1178 867 1244 922 ad
1291 865 1470 924 voltus
1515 873 1727 923 tantum
1766 867 2071 930 varietates,
2114 875 2199 923 set
2238 867 2399 924 etiam
2442 867 2508 922 ad

221 967 523 1024 amicorum
568 968 930 1024 adhibitiones
970 977 1133 1044 atque
1175 968 1509 1025 remotiones
1535 977 1798 1042 spectare,
1836 968 1887 1024 id
1918 986 1983 1026 eo
2032 969 2183 1043 quod
2214 968 2375 1024 verba
2421 974 2505 1024 ta-

219 1076 383 1126 cente
430 1070 558 1141 ipso
589 1071 838 1126 adiuncta
883 1079 1025 1134 sunt,
1069 1088 1298 1144 prorsus
1343 1070 1633 1127 refutatur.
1714 1069 1809 1125 Set
1852 1069 2147 1144 largiamur
2175 1069 2508 1132 Sallustium,

219 1171 482 1245 quoniam
538 1172 594 1228 in
650 1189 896 1245 corpore
941 1175 1140 1232 varius
1192 1172 1322 1229 insit
1366 1173 1521 1228 notio
1575 1171 1827 1246 pluralis,
1884 1172 2064 1228 varios
2116 1181 2303 1246 gestus
2346 1180 2510 1246 atque

217 1273 440 1329 habitus
487 1274 738 1348 corporis
785 1275 1095 1336 ostendens,
1135 1291 1284 1348 quae
1331 1282 1477 1331 recte
1518 1273 1745 1353 dixisse&
1782 1273 2079 1348 largiamur
2118 1275 2336 1330 scilicet
2362 1283 2509 1331 recte

216 1375 361 1449 apud
411 1374 716 1448 elegantem
755 1377 1079 1450 scriptorem
1131 1394 1252 1433 cum
1291 1393 1398 1432 acc.
1459 1385 1514 1431 et
1571 1376 1664 1432 inf.
1720 1377 2069 1433 coniunctum
2124 1373 2273 1438 esse',
2325 1393 2511 1448 quam-

221 1495 382 1550 quam
427 1477 729 1552 exemplum
777 1478 894 1534 eius
937 1477 1364 1535 constructionis
1407 1477 1522 1550 lug.
1571 1485 1689 1541 102,
1721 1487 1755 1540 9
1794 1479 1899 1534 iam
1945 1489 2295 1553 optumorum
2339 1477 2509 1534 libro-

218 1596 338 1634 rum
395 1579 725 1636 auctoritate
783 1599 844 1637 ac
898 1579 1001 1636 fide
1047 1588 1315 1636 remotum
1371 1587 1429 1636 et
1475 1580 1565 1635 Fr.
1608 1579 1629 1635 I
1670 1586 1767 1644 47,
1806 1589 1838 1640 5
1892 1597 1958 1638 eo
2001 1581 2219 1638 nomine
2264 1580 2329 1637 ab
2372 1580 2446 1650 h.
2472 1579 2507 1634 l.

219 1681 500 1737 divorsum
537 1689 640 1745 est,
687 1681 834 1755 quod
877 1682 954 1737 ibi
998 1682 1298 1745 membrum
1335 1690 1420 1739 est
1459 1699 1571 1739 non
1614 1681 1856 1760 pendens
1898 1690 1984 1740 set
2022 1681 2283 1739 liberum:
2328 1689 2519 1738 nonne·

221 1800 358 1856 quae
417 1791 504 1838 est
555 1783 612 1838 in
661 1783 816 1840 libris
872 1784 1266 1858 discrepantia,
1325 1803 1386 1841 ac
1436 1801 1681 1842 maxume
1738 1783 2123 1858 interpositum
2168 1783 2223 1838 in
2268 1783 2507 1857 optumis

217 1886 298 1939 ita
341 1884 712 1958 suspicionem
753 1887 1008 1943 movent?
1087 1885 1304 1942 Scilicet
1345 1885 1616 1960 duplicem
1661 1887 1885 1960 adparet
1936 1886 2107 1942 fuisse
2152 1885 2506 1958 scripturam:

219 2002 368 2058 quae
409 1989 630 2043 scilicet
675 1994 896 2044 tacente
939 2019 1024 2028 -—
1057 1987 1411 2060 patefecisse
1465 1997 1522 2044 et
1562 1989 1793 2044 scilicet·
1818 1989 1899 2042 ita
1943 1993 2166 2043 tacente
2219 2016 2305 2026 ——
2339 1992 2507 2056 pate-

215 2088 462 2160 fecisse.-
519 2107 656 2162 quae
717 2090 1080 2166 discrepantia
1136 2107 1316 2146 nonne
1373 2089 1645 2164 glossema
1697 2089 1831 2144 haec
1872 2087 2031 2144 verba
2072 2087 2243 2144 fuisse
2290 2086 2507 2160 arguit?

223 2191 464 2265 Denique
511 2207 640 2248 num
679 2192 825 2255 eiuS,
885 2192 978 2266 qui
1033 2191 1330 2264 ingeniosis
1389 2201 1446 2248 et
1497 2191 1727 2248 eruditis
1774 2177 2083 2246 hominibus
2126 2189 2357 2253 scribat,
2404 2198 2505 2253 est,

219 2301 278 2347 ut
318 2309 459 2366 quae
505 2291 742 2354 lectores
787 2293 892 2366 ipsi
941 2283 1272 2350 intellecturi
1318 2294 1444 2356 sint,
1490 2311 1552 2350 ea
1595 2294 1715 2349 fuse
1756 2310 1817 2349 ac
1850 2291 2074 2365 copiose
2117 2291 2350 2347 doceat?

388 2393 507 2466 lug.
558 2401 687 2457 114,
733 2401 766 2452 2
818 2395 1012 2466 illique
1067 2395 1200 2451 ferri
1254 2413 1364 2451 non
1419 2413 1612 2470 posse,
1665 2395 1771 2452 nisi
1818 2393 1911 2467 qui
1953 2401 2206 2452 contorta
2247 2392 2505 2450 Sallustio

221 2513 380 2569 quam
429 2493 593 2569 plana
639 2496 880 2552 tribuere
925 2495 1104 2559 malit,
1155 2514 1313 2554 nemo
1357 2515 1467 2552 non
1508 2498 1786 2554 concedet.
1850 2495 2090 2553 Kritzius
2133 2497 2339 2568 ibique,
2381 2495 2506 2550 Lin-

220 2597 384 2654 kerus
431 2580 649 2653 scilicet
687 2597 936 2671 scripsit,
985 2616 1122 2672 quae
1179 2607 1472 2673 propterea
1509 2575 1734 2672 probari
1778 2615 1889 2654 non
1931 2605 2190 2671 possunt,
2251 2598 2505 2670 quoniam

214 2699 406 2756 vitium
464 2699 730 2755 orationis
804 2708 1075 2762 remanet,
1144 2703 1276 2756 inde
1347 2717 1458 2756 non
1522 2717 1848 2775 praegresso
1913 2701 2029 2756 iam
2099 2699 2302 2756 dictum
2366 2697 2503 2771 (vid.

214 2800 372 2857 Klotz
419 2800 486 2856 ad
523 2799 760 2857 Sintenis
805 2819 858 2875 p.
905 2809 1006 2861 105
1047 2809 1106 2857 et
1151 2801 1287 2874 152).
1371 2801 1654 2858 Rationem
1698 2803 2015 2860 emendandi
2056 2801 2310 2864 ostendit,
2358 2801 2505 2874 quod

213 2903 264 2958 in
302 2903 450 2958 libro
495 2909 738 2959 ceterum
785 2919 895 2958 non
937 2911 1191 2978 optumae
1241 2911 1403 2960 uotae
1457 2904 1723 2978 scriptum
1778 2913 1863 2961 est
1912 2906 2198 2975 illincque.
2289 2902 2508 2960 Scilicet

215 3005 512 3080 scripserat
557 3003 688 3060 Sall.
738 3005 1020 3076 illimque‚
1073 3006 1140 3062 de
1197 3023 1302 3079 qua
1359 3006 1535 3061 forma
1588 3006 1690 3062 vid.
1745 3004 1953 3062 Ritschl
2008 3005 2141 3060 Mus,
2183 3004 2352 3060 Rhen.
2396 3004 2505 3059 Vlll

214 3113 341 3172 472;
387 3107 607 3163 Laclnn.
655 3106 720 3162 ad
758 3106 917 3163 Lucr.
976 3105 1020 3162 11
1067 3115 1180 3170 169.
1235 3106 1301 3162 111
1341 3114 1474 3172 880;
1535 3107 1768 3164 Corssen
1825 3107 2085 3162 Zeitschr.
2144 3106 2181 3161 s.
2234 3106 2285 3161 d.
2331 3103 2501 3178 vergl.

217 3207 498 3283 Sprachw.
545 3208 588 3262 V
617 3215 736 3268 *120
772 3227 870 3282 sq..
933 3208 990 3265 Id
1033 3227 1134 3283 per
1173 3210 1306 3265 inde
1367 3209 1689 3284 explicatum
1746 3216 1801 3264 et
1850 3225 1972 3264 cum
2021 3207 2221 3264 lineola
2274 3223 2442 3282 super
2487 3205 2503 3259 i
2559 3219 2565 3223 ’

214 3311 446 3384 adpicta,
495 3328 702 3384 quam
739 3317 932 3369 notare
961 3311 1221 3368 ‚solebant
1257 3310 1497 3375 librarii,
1541 3311 1718 3368 deleta
1760 3318 1925 3374 esset,
1967 3311 2169 3368 sactum
2214 3326 2335 3366 esse
2393 3309 2501 3364 illi-

215 3428 320 3483 que
365 3419 423 3468 et
463 3414 596 3469 inde
637 3428 818 3485 usque
863 3415 968 3483 ad,
1015 3414 1266 3488 profecto
1311 3414 1505 3491 mirum
1556 3431 1668 3470 non
1706 3422 1807 3470 est.
1872 3443 1946 3454 -
2006 3413 2065 3485 Iu
2109 3412 2227 3487 ipsa
2260 3409 2503 3468 clausula

191 3504 338 3570 'belli
382 3513 694 3588 Iugurthini
737 3531 848 3572 non
898 3516 1137 3573 dubitavi
1183 3533 1247 3572 ex
1291 3501 1362 3572 'pi
1409 3517 1654 3590 recipere
1702 3524 1759 3572 et
1812 3532 1883 3572 ea
1935 3522 2295 3588 tempestate,
2355 3513 2504 3588 quod

209 3615 441 3672 aliorum
486 3616 754 3673 librorum
797 3617 1069 3690 scriptura
1112 3635 1194 3674 eoe
1247 3635 1316 3674 ea
1364 3617 1685 3674 confirmare
1740 3618 2037 3676 videbatur.
2127 3618 2352 3674 Constat
2410 3625 2509 3672 au-'

211 3726 317 3773 tem
347 3723 402 3774 et
439 3718 708 3791 particula
751 3719 971 3791 adiungi
1021 3719 1091 3783 id,
1135 3721 1282 3793 quod
1319 3721 1381 3776 ad
1428 3719 1631 3776 relicua
1662 3703 2025 3778 confirmanda
2054 3721 2323 3794 pertineat
2353 3716 2501 3790 (‘und

213 3819 264 3874 in
302 3819 402 3874 der
443 3820 598 3882 Thau
643 3821 752 3876 und
797 3820 1116 3895 wirklich’);
1155 3823 1254 3878 cfr.
1299 3821 1583 3896 Naegelsb.
1627 3821 1663 3876 l.
1708 3841 1754 3879 c.
1800 3841 1855 3896 p.
1902 3830 2023 3884 538.
2112 3819 2267 3888 Quod
2292 3819 2336 3876 si
2378 3818 2499 3891 quis

213 3921 568 3996 obposuerit‚
625 3930 740 3978 tum
796 3929 851 3979 et
894 3923 1218 3999 plerumque
1261 3924 1485 3981 verbum
1528 3924 1709 3998 sequi,
1768 3924 1819 3980 id
1876 3925 1981 3980 hoc
2034 3920 2158 3978 loco
2208 3927 2501 3996 propterea

211 4039 318 4078 non
363 4023 570 4080 sactum
615 4041 736 4080 esse
779 4026 1144 4084 manufestum
1181 4035 1281 4091 est,
1325 4027 1469 4101 quod
1509 4043 1581 4084 ea
1624 4031 1957 4097 tempestate
1986 4022 2333 4084 ecferundum
2364 4027 2498 4076 erat.

2006 4429 2093 4489 7*
