3042 4917
201 389 236 424 0
935 343 1547 388 conunnrmiomm
1591 343 1733 385 cAP.
1766 346 1827 386 v.
1980 394 1989 400 ,
2410 327 2529 389 119

239 501 492 575 Plerique
549 509 606 556 et
651 500 861 575 optumi
905 498 1030 556 libri
1077 501 1400 573 quindecim
1447 507 1699 562 tuentur,
1746 498 1837 555 alii
1882 501 2207 563 duodecim,
2248 501 2407 558 multi
2452 505 2531 558 vi-

235 607 378 677 qimi
415 603 700 678 praebent.
789 602 897 657 Iam
953 608 1171 658 constat
1211 602 1350 659 hanc
1405 603 1709 659 orationem
1763 619 1808 656 a.
1854 619 1901 657 a.
1945 620 1997 657 u.
2044 607 2148 662 643
2202 602 2269 676 (a.
2306 603 2360 658 G.
2409 603 2528 676 111)

240 707 480 764 habitam
529 722 649 762 esse
693 678 964 776 ¹(Fischer
1005 703 1130 760 Tab.
1170 723 1224 778 p.
1274 702 1410 776 156).
1499 704 1631 760 Cum
1692 712 1871 760 autem
1923 704 1983 759 G.
2036 691 2315 761 Memmius
2369 723 2529 779 quam

240 809 394 866 foede
436 825 710 881 quamque
755 805 914 862 inulti
959 806 1224 880 perierint
1265 805 1444 880 plebis
1489 805 1811 862 defensores
1862 813 2248 869 conmemoret,
2307 823 2531 863 necesse

240 919 321 966 est
379 911 448 966 ab
507 908 765 964 Sallustio
825 925 1111 964 numerum
1166 925 1432 964 annorum
1486 907 1729 982 positum
1800 908 1968 965 fnisse
2036 909 2129 982 qui
2189 908 2248 963 G.
2306 908 2531 965 Gracchi

240 1013 468 1086 eiusque
529 1016 863 1067 sectatorum
919 1015 1106 1066 necem
1163 1009 1464 1066 includeret
1511 1009 1596 1064 vel
1642 1009 1774 1066 adeo
1818 991 1918 1084 ‘qui
1969 1008 2035 1065 ab
2080 1011 2261 1068 Tiberi
2306 1011 2531 1069 Gracchi

241 1115 524 1170 tribunatu
582 1118 902 1168 numeratus
941 1119 1103 1168 esset.
1194 1111 1350 1180 Quod
1381 1112 1426 1167 si
1459 1113 1657 1184 viyinti
1691 1112 1957 1186 scriptum
1986 1112 2197 1177 fuisset,
2246 1132 2354 1188 quo
2388 1134 2529 1172 anno

241 1216 490 1273 Tiberius
549 1213 821 1271 Gracchus
881 1213 1092 1270 occisus
1148 1221 1232 1269 est
1284 1213 1670 1287 (621=133)
1720 1231 1947 1270 numero
2002 1231 2067 1270 eo
2125 1215 2367 1272 inclusus
2418 1236 2529 1274 non

237 1325 400 1381 esset,
447 1325 504 1373 et
548 1317 596 1372 si
629 1315 954 1389 scriptorem
1002 1316 1056 1370 in
1088 1315 1405 1372 universum
1439 1315 1762 1390 significare,
1813 1333 1973 1390 quam
2004 1317 2260 1374 adcurate
2305 1318 2529 1376 definire

239 1420 498 1476 maluisse
542 1418 770 1479 dixeris,
828 1417 1006 1492 aptius
1053 1417 1118 1472 ad
1162 1417 1324 1474 huius
1378 1417 1485 1474 loci
1544 1425 1791 1474 naturam
1838 1417 1945 1474 fuit
2000 1421 2188 1493 augeri
2246 1438 2530 1478 numerum
2572 1435 2576 1439 ’

240 1539 401 1596 quam
432 1521 623 1577 minui.
693 1519 893 1575 Contra
926 1521 1221 1576 duodecim
1251 1537 1509 1576 numerus
1549 1526 1770 1594 optume
1800 1521 2071 1584 convenit,
2122 1539 2243 1579 cum
2277 1523 2335 1578 G.
2372 1523 2530 1581 Grac-

239 1625 372 1680 chus
421 1641 468 1679 a.
517 1630 614 1684 631
666 1621 810 1695 (123)
857 1621 1110 1677 tribunus
1149 1621 1329 1696 plebei
1373 1621 1571 1684 fuerit,
1628 1628 1732 1682 633
1792 1622 2115 1680 interfectus
2176 1626 2265 1681 sit.
2354 1625 2529 1694 Quin-

240 1728 422 1782 decim
457 1726 505 1781 si
535 1724 818 1799 probatur,
867 1741 1058 1780 rursus
1102 1724 1168 1779 ad
1212 1722 1347 1779 illud
1396 1723 1825 1798 confugiendum
1871 1732 1972 1788 est,
2019 1726 2197 1783 minus
2240 1727 2531 1802 diligenter

239 1828 532 1902 scripsisse
579 1826 920 1900 scriptorem.
1011 1825 1105 1882 Set
1152 1844 1274 1883 cum
1320 1826 1461 1882 infra
1503 1831 1533 1887 7
1583 1826 1764 1882 Tiberi
1810 1826 2034 1883 Gracchi
2083 1846 2183 1886 nex
2222 1847 2533 1887 conmemo-

241 1937 413 1992 retur,
455 1928 523 1985 ab
565 1926 710 1984 omni
755 1928 868 1983 veri
913 1928 1094 2002 specie
1139 1927 1430 1992 abhorret,
1493 1929 1612 1984 eius
1674 1928 2027 1984 inmemorem
2081 1929 2251 1986 fuisse
2298 1933 2531 2007 scripto-

239 2049 373 2094 rem,
420 2048 544 2087 cum
591 2029 746 2086 illum
781 2047 1066 2086 numerum
1119 2031 1401 2087 scriberet.
1493 2029 1630 2098 Quid
1678 2030 1881 2104 igitur?
1960 2030 2148 2087 Nonne
2192 2049 2379 2090 omnes
2434 2051 2530 2092 eos

240 2150 518 2196 numeros,
565 2132 658 2206 qui
699 2132 756 2187 in
800 2131 954 2188 libris
1001 2139 1154 2190 sunt.
1209 2132 1377 2190 falsos
1433 2150 1554 2189 esse
1610 2132 1858 2206 adparet,
1911 2140 2075 2206 atque
2122 2141 2217 2190 aut
2259 2133 2394 2191 XXV
2437 2146 2531 2193 aut

241 2235 374 2291 XXII
419 2234 774 2291 scribundum
819 2234 975 2289 esse?
1063 2233 1284 2290 Interim
1332 2241 1525 2297 tamen,
1570 2233 1715 2308 quod
1769 2234 1825 2289 in
1864 2235 2103 2309 optumis
2149 2234 2301 2294 libris
2347 2238 2531 2295 inven-

245 2345 357 2394 tum
399 2343 512 2400 est,
570 2336 837 2392 intactum
879 2334 1094 2410 reliqui.
1159 2367 1232 2376 —
1287 2334 1469 2392 Eiusd.
1509 2354 1625 2411 cap.
1674 2336 1727 2408 S.
1777 2344 1844 2396 10
1884 2354 2005 2393 cum
2056 2355 2242 2395 omnes
2301 2358 2531 2397 consen-

243 2441 466 2502 sissent,
511 2455 623 2494 non
663 2437 729 2494 de
766 2437 966 2510 praeda
1016 2455 1081 2493 ex
1125 2438 1428 2494 honoribus
1477 2439 1737 2512 capienda
1786 2447 1869 2494 set
1912 2440 1979 2496 de
2022 2440 2327 2499 honoribus
2376 2445 2532 2516 quasi

242 2561 342 2616 pro
377 2541 581 2616 praeda
611 2540 786 2614 captis
813 2539 933 2602 dici,
969 2541 1100 2614 quin
1122 2543 1404 2613 praedae,
1431 2542 1580 2615 quod
1611 2541 1743 2597 adeo
1775 2542 2087 2598 coniectura
2133 2544 2531 2602 restituendum

244 2645 362 2707 fuit,
411 2643 717 2716 reciperem
763 2659 829 2697 eo
875 2641 1053 2698 minus
1099 2642 1347 2698 dubitare
1395 2642 1673 2705 debebam,
1718 2661 1841 2700 cum
1887 2644 1943 2699 in
1975 2645 2231 2702 Vaticano
2277 2647 2329 2702 id
2366 2656 2527 2704 esset.

245 2744 464 2802 Scilicet
486 2744 696 2800 librarii
722 2743 1088 2800 membrorum
1115 2745 1520 2817 aequandorum
1555 2745 1736 2801 studio
1760 2747 1814 2801 in
1843 2742 2067 2820 pravum
2092 2747 2351 2805 abstracti
2384 2759 2529 2806 sunt.

248 2879 321 2888 —
382 2848 520 2904 Tum
576 2847 629 2918 S.
687 2851 782 2908 17,
841 2863 1166 2921 quamquam
1223 2846 1317 2902 diu
1373 2845 1715 2920 multumque
1764 2847 2019 2910 dubitavi,
2086 2856 2260 2905 tamen
2316 2852 2531 2909 tandem

246 2949 516 3006 librorum
562 2954 912 3023 optumorum
943 2955 1096 3004 tanto
1127 2949 1418 3005 consensui
1449 2948 1746 3005 cedendum
1776 2949 2072 3006 arbitratus
2102 2967 2289 3008 nonne
2319 2954 2529 3028 scripsi,

247 3054 448 3126 quippe
492 3069 616 3108 cum
659 3051 897 3106 minume
936 3049 1001 3106 ab
1048 3049 1258 3107 Memmi
1324 3050 1547 3124 ingenio
1604 3049 1839 3107 alienum
1892 3051 2169 3108 videretur
2222 3053 2297 3108 ita
2352 3055 2531 3112 dicere

245 3163 306 3212 ut
351 3172 456 3226 pro
500 3161 652 3211 certo
700 3152 753 3207 id
799 3169 856 3208 se
905 3160 1218 3226 exspectare
1263 3151 1595 3225 significaret
1641 3151 1759 3225 (cfr.
1799 3152 1963 3208 Madv.
2002 3153 2067 3209 ad
2112 3154 2217 3210 Cic.
2262 3155 2313 3210 d.
2357 3156 2447 3212 fin.
2488 3158 2532 3212 11

245 3265 292 3320 3,
335 3266 403 3317 10
446 3275 501 3331 p.
547 3263 659 3317 153.
690 3315 702 3327 .
734 3254 894 3311 Klotz
937 3253 1066 3310 Nov.
1115 3255 1251 3308 Ann.
1297 3253 1431 3309 XXII
1465 3274 1520 3328 p.
1575 3261 1686 3316 134.
1764 3254 1987 3311 Tischer
2038 3256 2104 3311 ad
2162 3255 2266 3313 Cic.
2311 3258 2466 3316 Tusc.
2511 3260 2532 3315 I

244 3365 293 3422 8,
345 3357 448 3432 17).
539 3357 724 3434 Neque
768 3356 1058 3413 obscurum
1100 3363 1216 3419 est,
1256 3356 1321 3411 ad
1368 3355 1527 3411 talem
1571 3374 1722 3431 spem
1758 3355 1979 3430 adiungi
2024 3359 2319 3433 aptissume
2364 3362 2533 3419 inter-

246 3461 594 3536 rogationem
638 3459 801 3522 illam,
849 3476 956 3532 qua
998 3465 1186 3514 orator
1228 3457 1330 3513 sibi
1375 3457 1515 3514 obici
1556 3458 1753 3532 fingat:
1800 3477 1933 3534 ergo
1978 3478 2036 3516 se
2077 3463 2435 3520 atrocissume
2478 3465 2534 3521 in

247 3569 559 3638 optumates
614 3560 990 3618 vindicandum
1034 3577 1275 3617 censere.
1339 3591 1412 3601 —
1471 3561 1525 3632 S.
1577 3567 1645 3621 18
1700 3563 1851 3618 vobis
1897 3562 2079 3636 recepi
2129 3581 2193 3620 ex
2237 3564 2295 3626 {B
2350 3573 2407 3623 et
2444 3561 2531 3631 P¹,

245 3683 358 3721 non
397 3663 580 3720 solum
629 3663 755 3736 quia
813 3663 889 3719 ita
938 3662 1276 3718 constructio
1335 3662 1512 3718 minus
1572 3663 1813 3737 inpedita
1851 3664 2159 3728 videbatur,
2222 3675 2304 3723 set
2359 3669 2533 3725 inulto

246 3767 437 3840 mag1s,
488 3765 634 3841 quod
675 3771 862 3838 aperte
898 3764 1190 3821 dicundum
1233 3764 1367 3820 fuit:
1415 3782 1476 3820 ea
1513 3764 1709 3820 fecisse
1754 3765 1819 3820 ab
1863 3766 2129 3840 dignitate
2169 3768 2360 3843 populi
2407 3769 2535 3825 alie-

247 3886 377 3924 num
418 3874 520 3924 est.
613 3865 767 3934 Quod
812 3883 939 3922 vero
986 3867 1042 3922 in
1083 3859 1146 3921 Ρί
1191 3883 1289 3922 vos
1326 3873 1639 3923 conrectum
1692 3875 1790 3930 est,
1839 3885 1901 3923 ea
1945 3886 2051 3930 res,
2098 3885 2256 3940 quam
2296 3869 2535 3942 permul-

250 3971 318 4027 tis
364 3969 502 4026 locis
548 3969 743 4026 factam
779 3985 899 4024 esse
944 3967 1213 4042 reperieS,
1274 3968 1541 4031 ostendit,
1601 3976 1836 4042 quantus
1890 3967 2237 4024 librariorum
2293 3972 2533 4028 mutandi

247 4072 498 4146 pruritus
533 4072 598 4127 ad
641 4069 1079 4144 conrumpendos
1115 4069 1340 4127 Sallusti
1373 4069 1546 4126 libros
1584 4071 1803 4126 adnisus
1840 4071 1928 4127 sit.
1973 4101 2046 4110 —
2091 4070 2225 4126 Cum
2262 4072 2366 4128 iam
2402 4071 2531 4129 olim

249 4175 313 4230 ad
335 4174 452 4246 lug.
491 4191 544 4246 p.
583 4177 686 4233 232
731 4172 1092 4228 ostendissem
1121 4175 1382 4228 amittere
1414 4189 1527 4228 non
1555 4189 1847 4245 numquam
1883 4172 2086 4228 dictum
2120 4189 2242 4230 esse
2272 4173 2339 4228 tle
2369 4173 2532 4230 rebus

250 4275 506 4332 consulto
549 4272 934 4348 neglegendis,
997 4291 1109 4330 non
1161 4275 1318 4349 potui
1376 4291 1486 4329 non
1540 4253 1771 4348 obsequi
1816 4274 1868 4346 S.
1915 4280 1982 4333 25
2028 4273 2088 4334 Q
2130 4276 2404 4330 amittatis
2446 4293 2534 4330 ex-

250 4377 480 4433 hibenti.
570 4374 726 4444 Quod
767 4393 832 4432 eo
867 4376 1080 4433 facilius
1117 4375 1343 4451 probavi
1373 4375 1519 4451 quod
1549 4375 1757 4433 interea
1794 4393 2155 4452 cognoveram
2188 4377 2293 4434 iam
2326 4383 2535 4435 veteres
