3042 4917
493 252 570 331 12
1199 278 1809 327 connum-Amorion
1854 284 1994 327 OAP.
2038 288 2081 328 1.

486 429 648 485 modo
683 447 805 486 cum
844 430 940 485 illo
971 420 1283 490 con'sentire
1321 434 1619 493 adfirmavit
1646 438 1877 495 Rothius
1908 440 1944 495 l.
1977 460 2021 497 c.
2054 461 2107 517 p.
2145 450 2244 504 129
2288 461 2341 498 n.
2391 453 2437 503 1.
2508 446 2602 501 Set
2630 448 2781 503 Pari-

487 532 664 587 sinum
705 538 842 592 6082
887 532 1110 589 membr.
1161 553 1298 593 saec.
1346 538 1460 602 XV,
1521 540 1779 613 quoniam
1824 560 1889 599 ex
1932 543 2161 601 Catilina
2213 552 2268 601 et
2323 546 2583 619 Iugurtha
2642 548 2779 604 solis

487 633 795 695 orationes,
853 642 1136 707 praeterea
1189 637 1324 695 alias
1359 633 1677 715 'plerasque'
1724 661 1789 700 ex
1842 645 1991 702 Livio
2044 654 2323 722 excerptas
2377 650 2651 712 continet,
2710 652 2777 706 ad

488 734 624 791 idem
665 752 838 808 genus
881 735 1088 792 referre
1131 738 1340 797 dubito.
1411 741 1547 809 Quid
1592 745 1735 801 enim
1790 746 1990 810 obstat,
2052 766 2160 820 quo
2199 749 2375 805 minus
2420 751 2598 807 medio
2642 764 2774 807 aevo

485 854 549 891 ex
593 844 863 912 scriptore
907 836 1137 893 multum
1177 848 1409 899 tractato
1452 846 1729 903 orationes
1774 850 2136 923 potissumum
2178 859 2457 925 excerptas
2504 868 2623 907 esse
2666 859 2777 907 sta-

487 946 716 1001 tuamus,
762 938 1086 1012 praesertim
1131 959 1252 999 cum
1297 948 1595 1003 sententias
1652 967 1717 1005 ex
1757 949 1943 1006 multis
1990 952 2263 1008 veteribus
2312 952 2589 1010 conlectas
2634 972 2797 1017 esses·

482 1040 854 1099 Parisin..188
895 1040 968 1095 du
1006 1059 1250 1100 nouveau
1294 1045 1450 1102 fonds
1491 1067 1629 1106 saec.
1666 1052 1755 1107 XV
1793 1052 2079 1107 ostendat?

654 1140 788 1198 Cum
831 1142 1001 1215 igitur
1040 1144 1351 1226 Vaticanum
1401 1167 1466 1205 ex
1511 1150 1619 1207 alio
1664 1152 1847 1215 fonte,
1914 1170 2071 1226 quam
2119 1170 2185 1209 ex
2242 1173 2349 1228 quo
2397 1155 2589 1212 relicui
2646 1154 2774 1212 libri

483 1242 702 1304 fluxere,
751 1242 1050 1302 derivatum
1095 1264 1215 1303 esse
1273 1250 1558 1323 adpareat,
1611 1272 1843 1328 cumque
1887 1273 2010 1311 eum
2055 1256 2261 1312 sontem
2316 1274 2428 1313 non
2470 1257 2647 1313 solum
2710 1276 2775 1314 ex

485 1345 601 1418 ipsa
637 1344 965 1418 antiquitate
1011 1355 1221 1413 ortum,
1269 1359 1354 1407 set
1405 1354 1568 1413 etiam
1612 1374 1811 1428 purum
1849 1364 2013 1431 atque
2053 1359 2329 1431 integrum
2375 1377 2494 1415 esse
2536 1377 2601 1415 ex
2636 1360 2775 1417 mul·

484 1446 554 1502 tis
599 1446 940 1503 documentis
986 1455 1196 1506 certum
1254 1452 1326 1509 sit
1387 1485 1461 1495 —
1519 1474 1841 1531 quamquam
1908 1477 2020 1515 non
2067 1461 2265 1516 desunt
2322 1461 2578 1534 vestigia,
2634 1480 2773 1535 quae

481 1548 864 1621 grammaticos
919 1548 986 1603 ab
1029 1551 1315 1625 scriptoris
1362 1558 1541 1613 verbis
1588 1577 1711 1616 suas
1752 1578 1944 1618 manus
1992 1579 2103 1617 non
2156 1579 2386 1636 prorsus
2441 1562 2774 1621 abstinuisse

459 1650 759 1729 *declarent
801 1679 905 1713 —‚
953 1667 1076 1707 eum
1132 1663 1258 1711 ante
1315 1660 1494 1715 omnia
1536 1662 1602 1717 ad
1658 1662 2062 1721 examinandam
2119 1664 2459 1737 reliquorum
2505 1664 2772 1721 librorum

481 1751 640 1807 fidem
693 1750 1053 1808 adhibendum
1111 1773 1230 1813 esse
1284 1776 1467 1818 nemo·
1500 1761 1837 1820 infitiabitur.
1920 1765 2075 1833 Quod
2120 1766 2165 1821 si
2220 1766 2515 1839 diligente-r
2556 1767 2771 1830 feceris,

480 1852 898 1909 vetustissumos
935 1855 1169 1921 ⁴codices
1209 1864 1607 1921 recentioribus
1662 1864 1827 1939 longe
1868 1868 2277 1941 anteponendos
2337 1885 2456 1924 esse
2497 1867 2773 1925 facillume

484 1956 580 2012 tibi
621 1954 991 2029 persuadebis.

649 2072 794 2146 Ergo
851 2073 998 2147 quod
1051 2067 1108 2123 iu
1157 2067 1407 2125 omnibus
1465 2076 1705 2125 veterum
1753 2070 1972 2144 scriptis
2024 2070 2221 2127 factum
2280 2089 2399 2127 esse
2446 2079 2771 2145 conpertum

479 2181 580 2237 est,
627 2184 689 2234 ut
736 2194 844 2249 quo
892 2174 1108 2249 saepius
1148 2171 1520 2229 scriberentur
1564 2189 1783 2247 quoque
1826 2173 2001 2245 magis
2046 2171 2391 2245 legerentur,
2439 2192 2505 2229 eo
2553 2175 2769 2247 turpius

478 2284 996 2350 conrumperentur,
1059 2274 1314 2348 quodque
1369 2272 1435 2327 de
1486 2272 1709 2329 Sallusti
1752 2273 1906 2329 libris
1963 2292 2063 2349 per
2108 2292 2165 2329 se
2219 2275 2450 2348 quisque
2487 2282 2769 2331 autumare

478 2384 680 2451 potest,
724 2378 777 2433 id
820 2378 1020 2435 codicis
1065 2374 1307 2431 Vaticani
1351 2373 1454 2429 fide
1498 2374 1867 2431 confirmatur.
1950 2376 2009 2431 In
2061 2394 2166 2449 qua
2215 2394 2274 2431 re
2319 2394 2431 2431 non
2472 2375 2768 2449 neglegen—

477 2479 604 2534 dum
662 2486 772 2540 est,
814 2477 1020 2534 nullum
1078 2478 1192 2533 fere
1236 2483 1481 2531 veterum
1532 2476 1863 2550 scriptorum
1903 2494 2003 2552 per
2063 2478 2297 2533 medium
2356 2496 2542 2533 aevum
2594 2479 2767 2551 magis

478 2580 698 2636 adsidue
746 2587 1033 2637 tractatum
1080 2595 1230 2641 esse,
1277 2593 1437 2651 quam
1485 2577 1824 2641 Sallustium,
1875 2580 1927 2634 id
1972 2579 2117 2653 quod
2164 2580 2257 2653 qui
2295 2597 2499 2653 paucos
2556 2587 2765 2635 tantum

478 2682 595 2737 eius
631 2682 825 2737 aetatis
863 2682 1162 2756 scriptores
1209 2696 1392 2735 rerum
1433 2678 1649 2751 legerit,
1692 2680 1941 2754 profecto
1984 2682 2243 2760 concedet
2269 2674 2331 2753 ¹).

647 2783 845 2839 Deinde
877 2784 944 2839 ad
977 2800 1136 2856 quam
1167 2781 1490 2838 sententiam
1535 2765 1627 2855 qui
1671 2780 1902 2837 aliorum
1931 2790 2172 2839 veterum
2220 2783 2549 2857 scriptorum
2593 2781 2766 2840 libros

476 2883 876 2959 manuscriptos
891 2884 1183 2959 diligenter
1195 2884 1533 2959 percunctati
1552 2890 1678 2939 sunt
1697 2882 1811 2940 fere
1826 2902 2040 2959 semper
2066 2885 2280 2941 adducti
2310 2891 2453 2946 sunt,
2482 2891 2545 2939 ut
2577 2901 2766 2941 omues

477 3006 540 3043 ex
587 2987 777 3043 eodem
817 2986 1114 3061 archetypo
1161 2992 1497 3061 propagatos
1538 3004 1656 3041 esse
1701 2994 2017 3047 censerent,
2069 3004 2184 3041 eam
2231 2986 2287 3041 in
2331 2986 2590 3042 Sallustio
2636 3004 2767 3041 con·

474 3088 747 3163 probabit,
789 3089 1084 3163 quiquam
1131 3088 1316 3144 multis
1362 3087 1499 3143 locis
1548 3104 1733 3143 omnes
1779 3086 1905 3143 libri
1957 3065 2123 3143 inter·
2142 3106 2199 3143 se
2257 3106 2485 3162 prorsus
2536 3105 2767 3143 consen·

476 3191 630 3253 tiant,
677 3208 894 3264 quoque
931 3191 1092 3246 modo
1131 3190 1475 3246 divorsitates
1521 3189 1825 3263 scripturae
1870 3196 2024 3244 natas
2068 3206 2187 3245 esse
2232 3190 2487 3263 adpareat
2531 3206 2765 3263 perpen-

473 3292 632 3348 derit.
690 3291 757 3347 Et
786 3279 1054 3368 prospera
1085 3292 1302 3347 fortuna
1335 3291 1545 3353 accidit,
1578 3298 1640 3346 ut
1670 3290 1817 3363 quod
1850 3291 2203 3364 archetypum
2232 3291 2400 3346 fuerit
2432 3309 2555 3347 cum
2584 3292 2764 3366 aliqua

471 3394 586 3449 veri
643 3394 823 3467 specie
874 3392 1140 3467 suspicari
1193 3392 1484 3465 possimus.
1575 3391 2009 3448 Conmemoravit
2068 3393 2211 3448 enim
2268 3392 2522 3448 Servatus
2575 3394 2761 3467 Lupus

473 3493 817 3568 (Bernhardy
865 3494 926 3549 R.
999 3494 1054 3547 L.
1111 3510 1164 3563 p.
1221 3499 1324 3553 332
1391 3510 1443 3547 n.
1508 3498 1613 3551 248
1676 3499 1731 3547 et
1784 3511 1838 3567 p.
1891 3491 2024 3565 335)
2107 3492 2329 3549 Sallusti
2398 3494 2639 3550 codicem
2706 3496 2762 3550 in

473 3595 811 3651 Germaniam
840 3594 1180 3652 translatum.
1259 3594 1329 3649 At
1367 3593 1642 3650 difficilior
1676 3592 1809 3651 hacc
1845 3596 2093 3668 quaestio
2124 3604 2225 3660 est,
2264 3614 2392 3651 num
2423 3597 2527 3651 tria
2560 3592 2762 3669 genera

471 3698 756 3760 librorum,
805 3714 942 3771 quae
978 3713 1143 3770 supra
1174 3696 1440 3759 recensui,
1482 3714 1632 3751 suam
1678 3697 1933 3770 quodque
1973 3697 2213 3770 quamvis
2249 3715 2315 3753 ex
2344 3700 2533 3754 eodem
2574 3700 2761 3755 arche·

471 3806 606 3874 typo
653 3799 938 3855 deductam
985 3796 1252 3870 originem
1300 3798 1557 3854 hahuisse
1601 3798 1899 3861 videantur,
1947 3799 2014 3855 de
2054 3816 2160 3872 qua
2207 3816 2531 3873 quamquam
2574 3799 2760 3874 dispu—

471 3901 606 3958 tatio
647 3902 712 3957 ad
748 3908 958 3957 certum
1003 3899 1164 3955 finem
1205 3899 1310 3955 iam
1353 3900 1545 3956 adduci
1586 3916 1697 3956 non
1739 3908 1942 3975 potest,
1978 3901 2235 3974 quoniam
2280 3901 2519 3957 nondum
2573 3919 2759 3959 omnes

467 4004 682 4059 codices
717 4002 1013 4077 diligenter
1053 4000 1320 4077 explorati
1355 4008 1501 4067 sunt,
1546 4010 1725 4059 tamen
1764 4020 1873 4077 quo
1915 4002 2185 4077 perveniri
2228 4003 2423 4078 possit,
2475 4019 2541 4058 eo
2586 4003 2760 4075 magis

539 4150 601 4217 l)
637 4150 722 4202 Ab
755 4152 876 4203 veri
912 4152 1100 4217 specie
1137 4167 1248 4201 non
1291 4150 1585 4201 abhorrere
1638 4150 1742 4202 bus
1769 4150 2191 4216 ecclesiasticiS‚
2227 4151 2534 4217 Augustino
2558 4152 2759 4201 Hiero·

465 4237 702 4301 videtur,
741 4238 790 4287 si
825 4237 882 4286 id
902 4242 1196 4302 propterea
1233 4238 1442 4287 factum
1465 4253 1587 4287 esse
1641 4251 1802 4301 nymo
1841 4236 1987 4299 aliie,
2027 4237 2421 4287 conmendatus
2453 4241 2621 4287 esset.

469 4322 766 4373 dixerimus
784 4359 797 4386 ,
843 4322 988 4387 quod
1023 4321 1160 4371 Sall.
1201 4322 1270 4371 ab
1309 4322 1589 4386 scriptori-
