3042 4917
526 276 608 341 28
1212 298 1818 343 eounnwrxrromm
1871 300 2016 343 cAP.
2056 302 2128 347 11.

526 452 790 528 scriptum
830 459 931 517 est,
956 420 1167 528 'parum
1211 464 1373 528 grave
1412 461 1497 510 est
1541 463 1950 528 argumentum,
1991 473 2113 512 cum
2149 456 2203 511 'G
2249 455 2502 513 ostendat
2543 458 2596 513 id
2645 475 2812 533 supra

526 556 790 629 scriptum
838 555 1037 619 fuisse,
1086 555 1293 613 scilicet
1341 555 1408 613 ab
1456 572 1524 612 eo
1575 557 1664 613 cui
1709 574 1966 615 numerus
2020 558 2180 614 nimis
2213 574 2412 633 parvus
2451 559 2598 614 visus
2643 566 2807 615 esset.

524 656 682 713 Certe
728 658 851 713 inde
886 673 996 717 non
1026 657 1199 731 magis
1242 657 1449 732 aliquid
1474 641 1630 715 'certi
1667 658 1806 716 effici
1847 665 2050 735 potest,
2093 676 2254 734 quam
2295 677 2360 716 ex
2399 660 2670 735 scriptura
2717 678 2810 717 co-

522 759 656 816 dicis
694 752 754 833 g¹
794 762 1043 832 quinque
1058 760 1291 831 pedites
1335 777 1574 817 numero
1619 768 1714 819 aut
1757 778 1822 817 ex
1859 746 2236 835 superscripto
2281 761 2337 817 in
2373 754 2438 835 g²
2477 763 2644 818 multi
2669 756 2808 819 dui-1.

525 860 775 929 Quamvis
807 862 977 935 igitur
1015 861 1147 917 mihi
1191 862 1305 917 veri
1342 862 1574 921 similius
1607 864 1853 920 videatur
1883 865 2088 919 milites
2112 879 2336 935 paucos
2369 870 2424 920 et
2463 864 2608 921 inter
2629 879 2809 936 prae-

520 964 667 1019 sidio
708 964 811 1035 qui
831 962 1031 1039 forent
1066 971 1121 1019 et
1156 970 1428 1035 quattuor
1460 968 1826 1023 centuriones
1855 965 2134 1029 excidisse,
2184 972 2360 1021 tamen
2393 972 2604 1023 tantum
2617 966 2808 1030 ‘abest,

522 1073 585 1121 ut
631 1064 866 1129 Linkeri,
908 1065 1008 1121 viri
1054 1065 1397 1130 amicissumi,
1443 1067 1657 1124 laudem
1701 1067 1962 1125 minutam
2002 1067 2189 1131 velim,
2247 1073 2308 1123 ut
2364 1085 2462 1142 per
2503 1086 2629 1124 eum
2676 1068 2810 1125 mihi

524 1166 659 1223 viam
701 1166 1077 1241 rationemque
1112 1168 1538 1228 demonstratam
1584 1186 1704 1227 esse
1747 1168 1916 1227 libere
1961 1177 2124 1244 atque
2160 1169 2396 1242 ingenue
2432 1170 2710 1243 profitear.

691 1269 751 1325 ln
795 1268 944 1326 Sulla
988 1288 1035 1327 e.
1080 1277 1175 1334 95,
1213 1278 1249 1331 3
1299 1271 1499 1328 dicitur
1558 1272 1728 1329 fuisse
1785 1274 1864 1329 ad
1918 1273 2244 1329 simulanda
2301 1274 2528 1344 neqotia
2569 1273 2809 1330 altitudo

520 1372 716 1445 inqeni
763 1373 1131 1429 incredibilia.
1231 1373 1587 1431 Altitudinem
1655 1374 1842 1447 ingeni
1891 1374 2062 1448 igitur
2109 1372 2438 1431 Graecorum
2491 1360 2810 1448 βαθύτητα

522 1470 659 1536 θέεο,
703 1490 825 1531 eum
876 1474 1121 1550 habitum
1166 1492 1231 1531 ex
1282 1493 1391 1550 quo
1445 1474 1600 1531 nullo
1648 1476 1811 1533 modo
1859 1477 1986 1550 quid
2039 1494 2164 1533 vere
2209 1482 2391 1533 mente
2435 1475 2678 1549 agitetur
2715 1494 2808 1532 co-

522 1576 716 1649 gnosci
756 1576 953 1649 possit,
998 1577 1320 1634 rectissume
1374 1577 1441 1633 ab
1484 1576 1694 1634 Kritzio
1749 1585 2029 1653 ostensum
2077 1586 2161 1635 est
2207 1578 2346 1651 (add.
2389 1596 2550 1635 nunc.
2595 1578 2807 1635 Doderl.

520 1678 587 1734 ad
627 1678 791 1734 Tacit.
838 1677 973 1733 Hist.
1021 1678 1087 1733 IV
1124 1685 1210 1739 86.
1256 1676 1547 1754 Nipperdei
1593 1680 1658 1736 ad
1705 1680 1826 1737 Tac.
1870 1680 1936 1737 ab
1981 1699 2092 1737 exc.
2133 1681 2183 1737 d.
2230 1681 2367 1754 Aug.
2411 1680 2592 1739 11144.
2683 1679 2807 1735 Ah‘o

521 1780 683 1836 modo
726 1779 1067 1837 altitudinem
1108 1781 1271 1838 animi
1314 1782 1511 1839 dictam
1553 1800 1674 1839 esse
1715 1768 1820 1838 Cic.
1865 1783 1950 1839 ad·
1971 1783 2117 1839 Fam.
2162 1783 2228 1839 111
2277 1790 2357 1845 10,
2406 1789 2487 1841 10.
2531 1782 2598 1837 Ν
2645 1788 2726 1844 12,
2774 1788 2810 1839 2

523 1852 763 1949 oslendit
806 1882 1073 1956 Fabrius).
1153 1884 1351 1941 Verum
1397 1885 1671 1941 enimvero
1717 1902 1782 1941 ea
1817 1884 2002 1958 ingeni
2045 1885 2215 1941 virtus
2257 1874 2582 1958 plerum‘que
2626 1883 2679 1939 in
2717 1901 2808 1940 ee-

518 1983 693 2041 landis
742 1984 905 2041 animi
958 1986 1391 2059 permotionibus
1450 1987 1710 2044 cernitur.
1816 1984 1970 2053 Quod
2024 2004 2207 2043 secum
2261 1993 2522 2061 reputans
2565 1985 2808 2041 Kritzius

520 2086 631 2167 sive
659 2075 972 2143 coniectura
1007 2088 1119 2145 sive
1156 2088 1222 2144 ad
1252 2072 1407 2145 codd.
1442 2082 1596 2161 s²g5r
1624 2088 1784 2143 fidem
1818 2086 1872 2143 in
1903 2088 2212 2145 novissuma
2257 2087 2505 2167 editione
2528 2088 2607 2143 ad
2638 2088 2806 2142 dissi-

518 2191 793 2247 mulanda
826 2192 1051 2262 neyotia
1076 2192 1313 2247 altitudo
1339 2192 1536 2263 inyem'
1567 2190 1916 2246 incredibilis
1945 2188 2182 2263 scripsit.
2233 2188 2328 2244 Set
2359 2188 2598 2263 quamvis
2627 2189 2715 2244 dis
2749 2188 2808 2243 in

520 2290 769 2347 omnibus
804 2291 1196 2348 vetustioribus
1232 2291 1387 2347 libris
1431 2292 1694 2355 omissum
1733 2308 1795 2347 ac
1837 2292 2026 2347 vitium
2068 2290 2123 2345 in
2154 2290 2560 2347 recentissumis
2588 2290 2806 2345 demum

516 2400 823 2449 correctum
876 2410 998 2449 esse
1042 2393 1278 2451 minume
1324 2391 1638 2451 incredibile
1681 2392 1957 2453 videatur,
2017 2401 2358 2449 tamen-cum
2405 2392 2566 2449 verba
2609 2390 2701 2446 illa
2737 2392 2809 2447 ad

519 2494 784 2550 rationem
830 2512 935 2568 qua
974 2495 1123 2551 Sulla
1167 2497 1221 2551 in
1260 2513 1373 2559 θος,
1420 2494 1742 2569 quibuscum
1784 2494 2233 2553 consuetudinem
2264 2494 2528 2567 quandam
2559 2492 2804 2554 haberet,

519 2614 579 2651 se
621 2596 856 2668 gesserit
894 2596 1171 2670 pertinere
1214 2614 1277 2652 ex
1321 2596 1400 2652 eis
1447 2614 1570 2653 cum
1617 2596 1813 2669 quihus
1856 2613 2098 2653 connexa
2151 2603 2280 2651 sunt
2335 2596 2591 2670 adpareat
2636 2604 2805 2668 atque

518 2698 653 2754 adeo
698 2696 979 2753 inlustrari
1030 2706 1087 2754 et
1142 2696 1457 2772 amplificari
1500 2696 1812 2755 calliditatis
1857 2699 2166 2775 notionem,
2212 2705 2274 2754 ut
2319 2697 2603 2771 sequentia
2641 2696 2804 2753 verba

517 2799 583 2855 ad
626 2801 877 2856 amicitia
913 2798 1111 2871 facilis
1156 2808 1403 2873 spectare
1448 2799 1607 2856 facile
1652 2800 2034 2874 intellegatur,
2089 2818 2280 2875 parum
2327 2800 2530 2856 dictum
2571 2798 2802 2861 videtur,

517 2902 563 2958 si
602 2918 725 2957 eum
762 2918 901 2977 quae
958 2901 1194 2958 animum
1251 2909 1534 2958 moverent
1587 2909 1753 2975 atque
1803 2910 2096 2977 angerent,
2153 2919 2382 2976 prorsus
2431 2900 2804 2957 recondidisse

517 3022 834 3078 summaque
870 3004 1177 3061 constantia
1218 3003 1425 3061 celasse
1472 3004 1829 3077 significetur.
1902 3003 2068 3059 Immo
2110 3003 2400 3078 prudentia
2445 3021 2505 3059 ac
2535 3001 2802 3059 calliditas

519 3108 574 3163 in
606 3106 889 3164 hominum
928 3106 1325 3164 consuetudine
1368 3124 1479 3163 non
1519 3105 1910 3166 dissimulando
1958 3106 2151 3168 solum,
2199 3122 2384 3161 verum
2429 3104 2590 3161 etiam
2636 3104 2801 3159 simu-

512 3209 675 3267 lando
720 3208 1030 3267 ostenditur
1061 3218 1116 3277 et
1154 3208 1221 3264 ad
1266 3216 1562 3283 utrumque
1605 3208 1839 3273 altitudo
1881 3207 2066 3281 ingeni
2109 3205 2413 3263 necessaria
2449 3214 2550 3268 est,
2597 3206 2802 3279 quippe

512 3307 621 3385 'qua
665 3329 736 3367 ne
774 3329 903 3367 vera
944 3309 1107 3367 animi
1140 3311 1411 3367 sententia
1441 3310 1806 3385 perspiciatur
1845 3308 2172 3383 inpediatur.
2253 3308 2346 3364 Set
2379 3308 2508 3381 quid
2542 3309 2804 3379 neqolia?

512 3413 650 3469 Num
696 3413 881 3469 eadem
925 3419 1069 3473 sunt,
1118 3429 1149 3465 a
1190 3411 1387 3483 quibus
1426 3430 1550 3468 eum
1594 3429 1884 3485 numquam
1930 3410 2262 3485 voluptatem
2309 3415 2634 3483 remoratam
2679 3426 2801 3465 esse

514 3532 679 3590 supra
722 3514 962 3587 scriptor
1006 3512 1177 3568 dixit?
1260 3512 1517 3569 Profecto
1563 3513 1777 3576 eadem,
1822 3520 1906 3569 set
1953 3519 2014 3569 ut
2053 3512 2228 3585 magis
2271 3511 2434 3568 animi
2469 3511 2697 3584 agitatio
2743 3516 2800 3565 et

512 3616 784 3693 permotio
820 3632 959 3689 quae
998 3632 1121 3671 cum
1168 3615 1392 3687 negotio
1438 3615 1728 3671 coniuncta
1773 3624 1858 3671 est
1901 3614 2336 3688 (⁸111teressen’),
2385 3631 2545 3688 quam
2595 3611 2796 3686 agundi

512 3727 569 3777 et
606 3716 926 3794 perficiundi
968 3715 1261 3774 difficultas
1300 3735 1362 3773 ac
1406 3716 1564 3773 labor
1601 3725 1896 3793 prematur.
1980 3716 2056 3772 Ac
2111 3716 2203 3789 qui
2255 3734 2379 3772 vere
2421 3714 2650 3772 callidus
2693 3722 2793 3777 est,

512 3840 623 3879 non
660 3820 822 3877 modo
860 3836 982 3875 sese
1020 3818 1225 3892 aliquid
1270 3820 1516 3876 studiose
1561 3837 1762 3895 cupere
1806 3819 2078 3882 simulare,
2127 3836 2286 3892 quam
2333 3834 2564 3892 quarum
2596 3833 2794 3898 ‘rerum

510 3924 771 3998 adpetens
810 3922 882 3978 sit
926 3920 1271 3977 dissimulare
1316 3929 1519 3997 potest.
1608 3921 1798 3977 Nonne
1845 3921 2014 3995 igitur
2061 3921 2166 3977 hoc
2203 3912 2272 3977 ab
2311 3918 2571 3976 Sallustio
2614 3918 2796 3975 dicen-

508 4027 635 4083 dum
678 4025 894 4082 videtur
936 4022 1137 4080 fuisse:
1186 4024 1239 4080 in
1286 4024 1435 4081 Sulla
1478 4042 1684 4081 summa
1741 4023 2008 4081 calliditas
2053 4019 2180 4086 suit,
2224 4022 2426 4096 quippe
2471 4019 2634 4076 animi
2672 4036 2794 4094 per-

508 4129 781 4186 motiones
840 4146 953 4185 non
1008 4126 1187 4183 minus
1236 4126 1493 4199 simulare
1545 4144 1703 4201 quam
1759 4124 2102 4182 dissimulare
2147 4125 2222 4181 ita
2267 4122 2474 4198 potuit,
2532 4129 2594 4178 ut
2637 4138 2793 4177 nemo

508 4249 686 4287 veram
733 4230 895 4287 animi
942 4229 1269 4286 sententiam
1313 4230 1671 4305 perspiceret,
1715 4227 1799 4284 vel
1845 4235 1908 4284 ut
1951 4229 2121 4303 ipsius
2167 4226 2390 4283 Sallusti
2429 4223 2610 4279 verbis
2655 4232 2790 4284 utar,

450 4320 459 4329 ⁶
508 4332 613 4391 suit
672 4334 727 4389 in
781 4350 849 4389 eo
904 4332 1116 4389 animus
1166 4333 1322 4390 cuius
1380 4332 1462 4387 rei
1522 4330 1744 4387 lubebat
1801 4328 2087 4387 simulator
2141 4347 2204 4387 ac
2245 4326 2620 4385 dissimulator
2662 4324 2790 4397 (Cat.

3019 2195 3042 2905 ξ

3029 2939 3042 3494 ¹

3039 3667 3042 3794 1
