3042 4917
510 235 627 300 104
1124 281 1134 300 .
1185 253 1791 312 conunum‘rmuuu
1839 255 1986 300 cAP.
2037 256 2098 302 v.

678 399 905 470 Multum
929 409 1167 470 virorum
1188 410 1475 468 doctorum
1500 409 1715 486 ingenia
1741 427 2032 470 exercuere
2057 429 2194 487 quae
2217 410 2328 469 Cat.
2349 419 2472 476 13st
2505 410 2808 488 leguntur:

510 534 545 572 α
583 517 832 588 privatis
870 515 1242 586 conpluribus
1272 515 1576 570 subvorsos
1612 518 1836 583 montis,
1874 517 2063 572 maria
2091 521 2420 572 constructa
2447 531 2589 573 esse.
2657 517 2811 574 Con-

510 625 735 674 structa
778 625 924 674 recte
967 617 1072 674 diei
1117 617 1184 672 cle
1236 615 1493 700 aedificiis
1553 634 1722 691 super
1776 633 1926 673 mare
1981 617 2314 673 constructis
2367 634 2471 690 ego
2527 617 2665 674 olim
2713 620 2813 674 de-

512 721 659 778 fendi
704 721 1099 794 atlseusumque
1144 719 1245 774 tuli
1280 717 1503 774 Kritzii:
1581 719 1674 776 Set
1716 727 2064 793 optumorum
2094 719 2363 776 librorum
2393 720 2676 795 scriptura
2720 728 2816 778 est

511 829 829 889 constrata,
875 838 1035 895 quam
1082 837 1403 896 quamquam
1440 820 1683 876 defendit
1727 819 2021 894 Sellus-gius
2065 839 2166 878 em.
2212 839 2266 896 p.
2316 828 2397 884 13,
2449 828 2634 879 tamen
2678 840 2814 898 pro-

514 933 701 1000 pterea
741 923 974 998 probare
1014 939 1125 978 non
1169 940 1411 997 possum,
1458 923 1602 996 quod
1643 930 2013 980 consternere
2056 923 2260 998 ubique
2291 923 2492 980 dicitur
2535 923 2604 980 de
2641 925 2815 981 rebus

518 1025 751 1100 singulis
800 1023 1164 1099 dissipandiS,
1225 1024 1421 1098 quibus
1467 1023 1674 1100 aliquid
1717 1024 2026 1098 obtegitur,
2079 1026 2131 1082 id
2185 1025 2332 1100 quod
2389 1025 2446 1080 in
2497 1043 2598 1082 eos
2654 1026 2815 1083 locos

518 1129 673 1204 ipsos
716 1127 877 1189 cadit,
922 1126 1121 1201 quibus
1168 1125 1461 1200 Sellingius
1516 1127 1584 1182 ad
1627 1125 2064 1184 confirmandam·
2102 1127 2426 1185 sententiam
2472 1145 2627 1185 suam
2677 1147 2819 1186 usus

520 1238 635 1294 est,
684 1229 829 1286 Caes.
873 1229 927 1284 B.
978 1227 1036 1284 G.
1082 1228 1189 1284 Vlll
1240 1236 1330 1291 14,
1383 1235 1419 1288 4
1460 1229 1730 1300 pontibus
1781 1231 1997 1300 palude
2049 1235 2362 1285 constrata.
2463 1230 2576 1286 Liv.
2632 1230 2821 1286 XXXV

520 1339 605 1395 49,
654 1339 687 1393 6
742 1333 1057 1389 consternit
1111 1311 1301 1386 maria
1352 1332 1632 1388 classibus
1674 1333 1812 1388 suis.
1872 1331 2131 1388 Curt.·lX
2175 1339 2236 1394 6,
2281 1337 2331 1392 7.
2377 1338 2440 1395 8,
2474 1340 2506 1391 5
2541 1324 2616 1404 ¹),
2678 1350 2821 1406 ergo

524 1441 672 1490 recte
715 1435 989 1490 diceretur
1032 1433 1101 1489 de
1145 1432 1401 1490 aedificiis
1444 1433 1630 1490 multis
1677 1451 1844 1508 super
1891 1450 2038 1490 mare
2082 1433 2390 1496 exstructis,
2436 1433 2618 1490 minus
2666 1442 2822 1492 recte

524 1536 590 1592 de
634 1534 868 1592 molibus
913 1535 967 1589 in
1014 1551 1079 1591 eo
1120 1534 1431 1591 aedificatis.
1519 1537 1590 1592 At
1637 1535 1856 1610 utrique
1898 1535 2004 1591 hoc
2035 1534 2233 1598 obstat,
2288 1535 2434 1611 quod
2469 1553 2650 1610 neque
2689 1554 2824 1596 con-

528 1637 824 1693 sternendo
868 1653 1015 1694 mare
1059 1637 1235 1711 ipsum
1286 1637 1614 1701 inmutetur,
1675 1637 1988 1712 obpositum
2033 1644 2215 1692 autem
2259 1639 2566 1696 subvorsos
2611 1641 2825 1695 montis

528 1739 837 1796 necessario
887 1738 1161 1814 postulat,
1206 1747 1267 1795 ut
1312 1739 1457 1814 quod
1503 1739 1680 1814 ipsum
1727 1756 1874 1794 mare
1929 1739 2084 1812 quasi
2128 1739 2397 1812 patiatur,
2449 1757 2560 1812 quo
2622 1749 2825 1796 natura

532 1841 649 1897 eius
688 1848 1049 1903 conmutetur,
1098 1841 1441 1914 adiungatur.
1535 1841 1631 1896 Cui
1676 1858 1905 1915 prorsus
1952 1840 2084 1896 satis
2127 1841 2257 1898 facit
2304 1841 2375 1904 id,
2419 1842 2567 1916 quod
2599 1841 2657 1897 in
2731 1859 2827 1898 au-

530 1943 781 2000 cissumis
837 1942 991 2000 libris
1045 1943 1320 1998 inventum
1380 1951 1465 1998 est
1533 1959 1752 2017 quoque
1801 1943 1951 1999 ducit
2007 1941 2152 1999 Com.
2210 1950 2441 2011 contra,
2495 1950 2631 1999 cont
2747 1950 2826 1999 ta.

530 2044 685 2128 Quod
732 2046 866 2102 adeo
910 2046 1224 2103 coniectura
1270 2045 1666 2103 restituendum
1711 2062 2019 2108 censerem,
2072 2045 2324 2120 quoniam
2380 2062 2619 2118 quonam
2657 2047 2826 2102 modo

532 2147 823 2204 divorsitas
879 2147 1181 2222 scripturae
1229 2153 1526 2204 constrata
1586 2154 1640 2202 et
1695 2153 2026 2202 constructa
2077 2155 2201 2204 nata
2259 2147 2357 2209 sit,
2413 2146 2498 2201 vix
2537 2148 2828 2204 commode

534 2247 789 2322 explicari
826 2257 1027 2324 potest,
1074 2250 1179 2306 nisi
1206 2249 1287 2305 -ah
1326 2241 1586 2306 Sallustio
1619 2247 1840 2304 verbum
1883 2249 2104 2322 utrique
2146 2248 2320 2305 simile
2353 2248 2620 2322 scriptum
2653 2249 2830 2305 fuisse

536 2350 908 2412 statuerimus,
956 2359 1040 2406 set
1090 2351 1263 2407 multo
1320 2351 1494 2426 magis
1552 2357 1842 2406 conmotus
1901 2349 2024 2406 loco
2083 2349 2273 2406 Horati
2328 2351 2499 2406 Carm.
2545 2348 2613 2404 ΙΙΙ
2655 2359 2714 2413 1,
2763 2358 2833 2410 33

535 2457 835 2508 contracta
872 2454 1065 2522 pisces
1104 2468 1359 2524 aequora
1402 2454 1657 2509 sentiunt
1699 2454 1864 2508 iactis
1893 2454 1951 2508 in
1997 2454 2174 2508 altum
2215 2453 2452 2509 molibus
2483 2444 2548 2524 ²).
2635 2451 2833 2508 Horati

538 2553 681 2609 enim
736 2553 914 2608 animo
977 2552 1163 2609 multis
1220 2553 1384 2617 locis,
1440 2554 1536 2610 ubi
1590 2554 1657 2610 de
1709 2554 1954 2610 moribus
2022 2554 2308 2628 conruptis
2369 2561 2534 2628 atque
2613 2554 2834 2610 luxuria

537 2650 709 2714 canit,
770 2652 993 2708 Sallusti
1048 2654 1191 2711 dicta
1251 2654 1543 2712 obversata
1587 2674 1708 2713 esse
1750 2664 1960 2713 certum
2005 2664 2089 2712 est
2133 2649 2196 2729 3).
2289 2655 2444 2724 Quod
2499 2656 2639 2712 idem
2688 2656 2834 2712 valet

538 2755 604 2811 de
649 2754 771 2810 loco
818 2754 931 2810 Cat.
980 2763 1064 2818 20,
1105 2764 1185 2819 11,
1230 2773 1389 2831 quem
1426 2775 1491 2814 ex
1537 2766 1618 2821 13,
1656 2767 1679 2817 1
1726 2758 2019 2833 repetitum
2067 2776 2186 2815 esse
2233 2775 2392 2814 nemo
2430 2775 2686 2832 umquam
2739 2777 2834 2814 ne-

538 2857 703 2932 gavit.
793 2856 909 2924 Quo
954 2857 1075 2914 loco
1122 2859 1187 2914 ad
1231 2857 1570 2917 inlustranda
1613 2859 1802 2916 Horati
1855 2861 2015 2916 verba
2059 2861 2230 2916 Carm.
2280 2860 2324 2915 ΙΙ
2373 2867 2464 2923 18,
2511 2866 2582 2921 20
2625 2863 2836 2916 maris-

539 2977 649 3033 que
684 2961 830 3016 Bais
875 2962 1250 3033 obstrepentis
1286 2978 1502 3036 uryues
1531 2963 1862 3018 submovere
1902 2964 2098 3018 littora
2135 2979 2355 3033 parum
2398 2964 2654 3034 locuples
2695 2981 2835 3020 con-

539 3064 752 3120 tinente
796 3067 931 3136 ripa
976 3082 1105 3121 num
1150 3065 1230 3121 uti
1277 3065 1461 3140 potuit
1504 3065 1675 3126 Acro,
1725 3063 1831 3120 nisi
1884 3062 2112 3136 legisset
2169 3063 2251 3128 id,
2309 3064 2454 3138 quod
2498 3064 2544 3119 J.
2592 3065 2652 3120 F.
2697 3065 2836 3122 Gro-

540 3166 731 3222 novius
792 3185 895 3241 pro
950 3171 1305 3237 extruendo,
1364 3183 1474 3241 quo
1530 3166 1696 3222 verbo
1745 3183 1853 3241 quo
1911 3166 2088 3222 minus
2135 3165 2448 3222 Sallustium
2492 3184 2654 3222 usum
2711 3185 2835 3224 esse

539 3268 821 3324 credamus
880 3269 1052 3344 ipsius
1108 3270 1259 3326 notio
1330 3277 1493 3344 atque
1549 3286 1683 3325 usus
1742 3268 1991 3330 obstant,
2050 3267 2394 3324 scribendum
2434 3284 2557 3324 esse
2600 3269 2840 3324 coniecit

542 3371 909 3426 eoetrudendo
966 3370 1095 3443 (cfr.
1152 3370 1300 3426 Caes.
1356 3371 1412 3426 B.
1460 3369 1518 3425 G.
1561 3370 1627 3426 111
1685 3377 1788 3433 12.
1819 3377 1852 3430 3
1900 3375 2144 3426 extruso
2194 3371 2347 3425 mari
2399 3371 2682 3442 ayqerest
2775 3370 2840 3426 Et

545 3487 674 3526 num
716 3471 985 3546 Porphyr.
1032 3473 1095 3528 ad
1142 3473 1372 3529 eundem
1415 3472 1598 3528 locum
1639 3472 1829 3528 Horati
1865 3472 2027 3528 verba
2061 3470 2188 3529 Sall.
2229 3479 2308 3535 13,
2354 3479 2375 3530 l
2424 3489 2840 3530 conmemorare

544 3573 747 3647 potuit,
794 3573 900 3628 nisi
950 3581 1250 3630 contracta
1288 3575 1552 3649 scriptum
1589 3573 1922 3630 invenisset?

618 3772 668 3838 1)
705 3774 823 3825 Nec
851 3789 1075 3824 moveor
1100 3775 1243 3839 quod
1266 3749 1514 3824 Ambrosn
1541 3773 1666 3824 hex.
1721 3789 1882 3839 posse
1941 3772 2186 3824 ostendit
2231 3772 2608 3824 Herbstius
2653 3773 2840 3823 Lectt.

544 3858 595 3910 V
628 3857 691 3908 10
726 3853 900 3923 deficit
932 3865 1079 3909 terra
1101 3859 1393 3918 nominibus,
1434 3865 1668 3910 sternun-
1721 3859 1924 3910 Venus.
1981 3856 2220 3921 (Gedani
2260 3855 2410 3922 1858)
2447 3875 2500 3924 p.
2542 3855 2625 3907 19.
2697 3871 2734 3890 ·-

546 3949 633 3994 tur
656 3949 707 3994 et
730 3949 895 3994 maria
918 3946 1160 4010 scripsit.
1790 3959 1842 4024 3)
1863 3961 1940 4010 Ut
1957 3975 2065 4010 uno
2089 3959 2337 4024 exemplo
2363 3960 2658 4024 defungar,
2683 3976 2843 4025 quam

614 4045 679 4111 2)
726 4048 808 4097 Ne
848 4049 969 4111 quis
1006 4051 1212 4097 temere
1250 4062 1338 4095 me
1374 4046 1670 4096 Horatium
1722 4060 1892 4110 saepe
1928 4045 2196 4095 Horatius
2245 4045 2630 4110 ambitionem,
2683 4060 2844 4110 quam

548 4133 864 4182 nominasse
900 4132 1137 4194 iudicet,
1185 4131 1444 4196 quoniam
1482 4129 1669 4179 Peerl-
1723 4129 1858 4179 Sall.
1919 4129 2040 4179 Cat.
2089 4130 2153 4192 4,
2202 4129 2235 4178 2
2289 4134 2468 4201 malam
2513 4129 2839 4194 adpellavit‚

547 4215 805 4282 kampius
825 4220 883 4266 et
906 4217 1220 4266 Meinekius
1246 4230 1343 4264 eas
1368 4215 1505 4264 duas
1532 4219 1669 4264 stro·
1723 4219 1898 4265 notat.
1961 4214 2074 4264 cfr.
2115 4213 2232 4264 Sat.
2271 4215 2299 4264 I
2334 4214 2386 4278 4,
2413 4213 2494 4264 26.
2533 4211 2582 4276 6,
2611 4213 2697 4265 51.
2731 4213 2840 4264 129.

548 4300 690 4366 phas
727 4299 947 4369 spurias
984 4314 1267 4360 censuere,
1309 4299 1539 4349 defendi
1577 4313 1674 4349 eas
1726 4300 1783 4348 II
1817 4297 1866 4362 6,
1910 4297 1988 4350 18.
2355 4293 2362 4300 '
2519 4321 2526 4327 ·
