3042 4917
492 226 574 287 54
1187 242 1794 310 commu-ramosum
1839 242 1980 287 car.
2027 244 2110 287 iv.

495 399 588 474 qui
630 400 773 457 hunc
812 399 991 457 locum
1032 408 1263 475 propter
1300 400 1530 457 formam
1561 402 1712 457 colos
1755 398 1946 463 adfert,
1993 398 2290 459 auctoritas
2333 400 2582 459 codicum
2625 400 2788 459 fidem

495 502 793 575 infringere
834 509 1043 577 potest,
1092 520 1253 576 quam
1296 502 1458 559 etiam
1502 502 1788 559 confirmat
1835 504 1980 575 quod
2026 503 2080 559 in
2123 502 2246 558 Naz.
2306 511 2364 558 et
2399 502 2602 559 Comm.
2651 504 2790 561 scri-

494 612 646 678 ptum
714 604 884 660 fuisse
944 604 1211 661 Gruterus
1275 604 1566 667 memoriae
1621 605 1866 661 tradidit:
1924 607 2114 661 colore
2151 606 2458 677 exanyuis.
2549 604 2790 663 Facilius

492 705 714 764 concedi
758 715 971 781 posset,
1014 706 1062 762 si
1104 706 1158 763 in
1205 706 1607 763 vetustissumis
1649 706 1804 763 libris
1849 708 1974 761 eius
2037 706 2301 780 scriptum
2345 714 2506 769 esset,
2563 724 2676 763 non
2735 710 2793 763 ei

494 825 605 882 quo
646 826 777 864 casu
822 808 1159 881 glossatores
1200 792 1333 865 usos
1376 826 1497 865 esse
1530 808 1708 866 minus
1757 806 2014 867 credibile
2058 815 2158 863 est.
2257 808 2350 864 Set
2383 809 2787 881 gravissumum

494 916 874 982 argumentum
920 909 1149 973 videtur,
1200 910 1345 983 quod
1386 910 1438 967 h.
1484 910 1520 965 l.
1565 929 1688 967 cum
1731 910 1798 967 ab
1837 910 2016 965 animo
2045 910 2110 965 ad
2151 926 2238 985 ea,
2283 926 2420 982 quae
2462 910 2516 965 in
2547 929 2790 986 corpore

495 1011 642 1066 illius
670 1011 889 1067 habitus
920 1012 1174 1075 effecerit,
1219 1019 1543 1075 transeatur,
1585 1012 1882 1087 aptissume
1911 1028 2211 1085 pronomen
2243 1011 2510 1076 adiicitur,
2543 1021 2607 1069 ut
2631 1020 2716 1077 25,
2754 1023 2788 1073 5

494 1112 587 1169 ubi
634 1113 701 1168 ab
751 1110 1081 1170 facinoribus
1128 1114 1479 1189 Semproniae
1541 1114 1606 1170 ad
1650 1114 1926 1186 ingenium
1948 1156 1961 1175 ,
2019 1113 2134 1186 lug.
2176 1119 2273 1175 63,
2320 1120 2354 1173 3
2397 1113 2490 1169 ubi
2535 1114 2603 1170 ab
2651 1114 2786 1170 Mari

494 1215 785 1273 virtutibus
816 1216 882 1271 ad
913 1216 1075 1273 vitam
1104 1217 1370 1291 pergitur.
1432 1214 1746 1290 Exemplum
1777 1215 1923 1288 quod
1955 1215 2171 1273 Cortius
2197 1215 2436 1274 ostendit
2458 1215 2570 1272 Cat.
2595 1225 2646 1278 5,
2670 1223 2706 1276 3
2727 1224 2790 1272 et

494 1322 529 1375 4
562 1317 839 1374 divorsum
877 1336 999 1375 esse
1036 1318 1278 1392 adparet,
1321 1319 1582 1393 quoniam
1625 1317 1702 1373 ibi
1743 1317 1918 1373 omnis
1963 1316 2220 1373 Catilinae
2261 1324 2454 1373 natura
2499 1325 2664 1391 atque
2702 1317 2786 1373 in-

494 1418 647 1475 doles
676 1420 1011 1477 describitur
1046 1410 1101 1475 e't
1115 1423 1413 1501 animusnac
1442 1436 1657 1493 corpus
1685 1436 1784 1495 per
1795 1420 2095 1493 asyndeton
2109 1419 2251 1475 inter
2263 1436 2321 1474 se
2358 1418 2614 1492 obposita
2633 1427 2783 1478 sunt.

2160 1492 2179 1513 Ι
2427 1502 2442 1529 ι

666 1570 760 1627 Set
796 1580 1013 1629 transeo
1058 1573 1122 1629 ad
1168 1573 1346 1628 locum
1391 1571 1784 1629 difficillumum
1829 1572 1940 1628 Cat.
1995 1578 2083 1633 18,
2127 1578 2191 1633 3,
2248 1571 2313 1627 de
2363 1588 2471 1644 quo
2522 1580 2584 1627 ut
2631 1581 2784 1629 recte

496 1672 722 1728 iudicari
764 1674 962 1751 possit;
1006 1692 1092 1730 res
1138 1683 1323 1747 gestae
1368 1674 1802 1747 diligentissume
1845 1673 2266 1748 perscrutandae
2325 1662 2470 1729 sunt:
2553 1673 2784 1730 Catilina

497 1774 683 1847 igitur,
721 1793 842 1831 cum
890 1793 935 1831 a.
978 1783 1047 1837 68
1085 1785 1395 1852 praeturam
1439 1775 1728 1849 gessisset,
1775 1794 1822 1832 a.
1865 1781 1930 1837 67
1977 1774 2213 1830 Africam
2257 1774 2591 1848 provinciam
2637 1776 2782 1831 obti-

497 1874 631 1932 nuit.
714 1877 772 1933 ln
833 1896 937 1952 qua
982 1878 1259 1953 provincia
1308 1897 1429 1937 eum
1485 1878 1648 1935 etiam
1703 1876 1752 1933 a.
1796 1884 1864 1938 66
1925 1877 2094 1933 fuisse
2147 1883 2362 1932 constat
2419 1894 2484 1933 ex
2529 1877 2634 1934 Cic.
2695 1896 2779 1953 pr.

496 1977 635 2033 Cael·
678 1984 729 2043 4,
780 1988 871 2039 10:
913 1981 1031 2052 fuit
1078 1984 1347 2038 assiduus
1386 1997 1606 2037 meeum
1641 1988 1922 2052 praetore
1968 1995 2086 2047 me,
2133 1996 2246 2033 non
2293 1961 2532 2035 noverat
2583 1980 2779 2035 Catili-

495 2098 645 2135 nam.
711 2080 977 2153 Africam
1022 2092 1139 2140 tum
1174 2092 1417 2156 praetor
1446 2086 1540 2140 ille
1576 2084 1873 2139 obtinebat.
1941 2082 2056 2136 lam
2089 2098 2218 2137 cum
2253 2081 2612 2152 provinciam
2640 2100 2780 2153 yra-

497 2184 639 2239 viter
685 2192 977 2255 efflasset,
1024 2189 1199 2259 leqati
1237 2186 1377 2259 Afri
1415 2188 1532 2242 iam
1576 2192 1692 2241 tum
1739 2186 1970 2240 absente
2013 2185 2108 2239 illo
2156 2182 2342 2254 questi
2384 2190 2545 2251 sune,
2602 2191 2661 2239 ut
2705 2184 2783 2240 ait

494 2285 687 2343 Ascon.
724 2285 790 2341 ad
819 2286 923 2343 Cic.
950 2287 1005 2342 in
1039 2294 1149 2361 tog.
1182 2289 1333 2345 cand.
1361 2306 1413 2361 p.
1446 2295 1513 2347 85
1535 2288 1622 2343 Or.
1680 2274 2381 2365 Senatus‘consultumtum
2419 2284 2473 2339 in
2497 2284 2779 2342 Catilinam

494 2385 695 2442 sactum
727 2405 846 2443 esse
880 2406 1001 2444 cum
1042 2388 1316 2445 Ciceronis
1354 2389 1527 2463 ipsius
1573 2388 1638 2443 fr.
1672 2395 1706 2448 3
1742 2395 1974 2444 testatur
2007 2404 2137 2443 cum
2163 2386 2540 2459 yravissumis
2573 2390 2780 2444 vostris

495 2490 741 2544 decretis
783 2490 989 2545 absens
1025 2496 1255 2547 notatus
1297 2497 1398 2558 est,
1445 2498 1560 2545 tum
1586 2490 1706 2545 Asc.
1749 2506 1983 2563 pergens
2033 2491 2354 2558 multaeque
2395 2505 2606 2559 yraves
2648 2506 2777 2546 sen-

496 2590 704 2645 tentiae
748 2592 807 2645 in
844 2598 1049 2646 senatu
1086 2594 1155 2647 de
1199 2608 1263 2647 eo
1302 2594 1520 2651 dictae‚·
1577 2592 1853 2648 decretum
1907 2598 2086 2647 autem
2147 2607 2266 2647 esse
2312 2606 2380 2645 ne
2431 2589 2479 2645 ei
2525 2591 2779 2647 consula·

498 2698 609 2746 tum
654 2699 840 2765 petere
883 2691 1097 2756 liceret,
1155 2693 1208 2749 id
1272 2692 1418 2767 quod
1475 2692 1592 2767 ipse
1638 2691 1765 2749 olim
1805 2693 2188 2749 contenderam
2220 2686 2274 2765 ¹),
2321 2691 2387 2747 de
2437 2708 2498 2747 ea
2531 2710 2592 2748 re
2643 2693 2779 2748 nihil

495 2810 723 2867 prorsus
780 2794 1035 2850 traditum
1090 2804 1189 2851 est.
1278 2796 1372 2852 Set
1422 2795 1527 2851 iam
1585 2812 1630 2850 a.
1677 2801 1744 2855 66
1790 2794 2016 2849 rediisse
2074 2812 2138 2849 ex
2181 2792 2362 2849 Africa
2417 2801 2473 2849 et
2531 2812 2596 2849 eo
2655 2794 2776 2868 ipso

494 2912 635 2971 anno
681 2894 1019 2953 consulatum
1064 2905 1250 2971 petere
1296 2896 1561 2961 voluisse,
1623 2896 1726 2973 nisi
1769 2896 1942 2952 omnis
1981 2895 2418 2952 testimoniorum
2459 2894 2588 2950 fides
2631 2894 2777 2951 labe-

494 2997 728 3054 factetur
772 3007 826 3055 et
869 2998 1160 3056 artificiose
1204 3017 1387 3057 rerum
1422 2999 1762 3073 publicarum
1806 3014 2146 3054 romanarum
2189 2997 2330 3052 ratio
2379 2997 2654 3071 cogitetur
2699 3028 2772 3037 —

492 3100 693 3157 etenim
720 3101 899 3158 Drum.
934 3102 978 3155 V
1010 3121 1063 3177 p.
1101 3110 1204 3163 393
1238 3120 1303 3159 eo
1335 3102 1497 3158 modo
1529 3110 1684 3157 acute
1713 3098 2084 3157 difficultatem
2120 3116 2398 3155 removere
2441 3099 2653 3155 studuit
2680 3130 2775 3161 —,

490 3204 680 3277 negari
722 3222 833 3259 non
874 3212 1083 3278 potest,
1130 3222 1251 3260 cum
1296 3203 1401 3259 Cic.
1449 3203 1503 3258 in
1547 3211 1657 3277 tog.
1707 3204 1858 3259 cand.
1909 3201 1970 3257 l'r.
2021 3210 2080 3261 ll
2130 3207 2182 3257 te
2225 3217 2358 3257 vero
2399 3200 2624 3275 inquiat,
2671 3200 2774 3257 Ca-

492 3307 687 3371 tilina,
734 3308 1091 3361 consulatum
1146 3320 1391 3375 sperare
1449 3311 1552 3361 aut
1605 3307 1857 3378 cogitare
1902 3321 2014 3359 non
2051 3305 2382 3375 prodiyium
2424 3311 2595 3374 atque
2636 3319 2774 3374 por-

491 3412 708 3463 tentum
746 3413 866 3462 est?
942 3404 1227 3478 A'quibus
1268 3410 1414 3463 enim
1451 3410 1642 3477 petis?
1715 3407 1765 3462 Α
1800 3406 2161 3480 principibus
2189 3407 2472 3461 civitatis?
2512 3407 2614 3477 qui
2647 3422 2774 3461 cum

492 3509 556 3564 L.
619 3508 871 3564 Volcatio
908 3510 1131 3565 consuli
1168 3510 1229 3564 in
1258 3510 1490 3565 consilio
1525 3507 1777 3580 fuissent
1808 3524 1878 3564 ne
1914 3509 2154 3579 petendi
2180 3508 2406 3579 quidem
2434 3514 2774 3579 potestatem

492 3625 615 3666 esse
662 3611 990 3678 voluerunt,
1048 3628 1207 3685 quem
1261 3611 1326 3667 ad
1366 3609 1544 3695 loc-um
1591 3610 1711 3667 Asc.
1758 3628 1810 3683 p.
1850 3612 1930 3678 ’89Δ
1963 3628 2044 3683 sq.
2093 3611 2276 3681 paulo
2333 3616 2465 3665 ante
2519 3612 2775 3666 diximus

494 3712 814 3779 Catilinam,
866 3730 993 3769 cum
1038 3714 1108 3769 de
1142 3716 1448 3787 provincia
1488 3711 1698 3785 Africa
1741 3713 2043 3768 decederet
2079 3714 2370 3784 petiturus
2414 3714 2774 3769 consulatum

491 3822 548 3872 et
581 3817 757 3889 leyati
796 3814 935 3887 Afri
975 3818 1161 3888 questi
1200 3818 1269 3873 de
1310 3832 1376 3873 eo
1430 3819 1488 3872 in
1540 3821 1745 3871 senatu
1789 3815 2048 3887 yraviter
2097 3814 2501 3886 pervenissent
2543 3812 2677 3885 (vid.
2718 3833 2772 3889 p.

492 3926 559 3977 55
600 3936 651 3973 n.
705 3916 797 3990 l),
847 3918 1155 3991 professus
1212 3920 1414 3975 deinde
1459 3924 1545 3973 est
1591 3915 1863 3984 Catilina,
1914 3922 2114 3987 petere
2159 3931 2220 3972 se
2264 3917 2657 3983 consulatum,
2707 3916 2770 3971 L.

506 4019 793 4077 Volcatius
838 4020 1037 4077 Tullus
1082 4022 1285 4077 consul
1320 4020 1616 4076 consilium
1637 4019 1931 4091 publicum
1974 4019 2190 4087 habuit,
2235 4036 2312 4074 an
2355 4020 2635 4075 rationem
2669 4018 2774 4073 Ca-

562 4200 619 4265 l)
660 4202 984 4255 Gerlachius
1022 4218 1145 4253 cum
1182 4202 1266 4252 ed.
1303 4202 1432 4251 Bas.
1470 4197 1606 4251 1853
1657 4201 1891 4267 putavit,
1930 4201 2124 4251 merito
2149 4216 2233 4249 me
2271 4201 2328 4249 in
2365 4200 2644 4250 nonnullis
2682 4216 2772 4250 ca-

488 4302 541 4352 p.
579 4285 680 4337 452
717 4294 910 4339 contra
934 4288 1267 4339 sententiam
1291 4300 1469 4336 meam
1494 4285 1600 4336 dis·
1657 4286 1914 4351 stigavit,
1963 4290 2022 4337 at
2068 4286 2183 4337 alia
2217 4300 2410 4353 parum
2446 4285 2770 4353 pensitavit.
