3042 4917
1592 129 1613 161 l

520 297 603 376 ’72
1205 319 1810 366 nonnam-Amonun
1850 321 1991 408 car.
2040 321 2123 366 lv.

526 478 773 553 quierem
835 477 994 536 finem
1049 476 1264 536 itineris
1310 478 1585 553 adiungat,
1641 479 1837 536 merito
1899 478 1953 535 in
2023 478 2478 554 vituperationem
2545 479 2808 544 incurret,

526 581 672 655 quod
710 581 950 638 sentiens
993 579 1190 654 aliquis
1234 583 1611 655 cisalpinam,
1670 598 1807 656 quae
1863 581 2134 656 scriptura
2193 583 2249 639 in
2293 582 2479 656 paucis
2530 582 2689 638 libris
2730 583 2811 638 in-

523 689 681 750 venta
721 699 840 740 csse
882 683 1098 746 dicitur,
1143 685 1405 742 conrexit.
1491 684 1604 752 Qua
1640 701 1697 740 re
1740 701 1849 739 non
1892 683 2115 740 dubium
2162 684 2396 748 videtur,
2452 684 2585 758 quin
2632 702 2811 758 gratn-

524 785 753 842 maticus
795 785 1012 859 quidam
1057 785 1360 842 doctrinam
1401 794 1497 843 aut
1542 787 1726 860 ingeni
1761 802 1985 843 acumen
2032 793 2311 844 ostentare
2356 787 2581 861 cupiens
2625 804 2811 843 ansam

524 887 737 944 dederit
783 888 1046 945 vitiandae
1091 889 1439 945 narrationis·
1509 955 1529 962 „

697 1023 808 1079 Cat.
856 1031 955 1087 58,
1003 1034 1034 1084 5
1089 1042 1199 1096 quo
1248 1027 1307 1080 in
1359 1027 1479 1081 loco
1538 1039 1636 1081 res
1666 1030 1919 1079 .nostrae
1964 1026 2079 1079 sint
2135 1034 2444 1099 suspectum
2490 1043 2600 1081 non
2645 1033 2839 1088 essetf

527 1126 632 1181 nisi
691 1124 751 1186 §B
807 1145 929 1183 cum
989 1119 1210 1182 ΡΒΡ3Ρ4
1265 1127 1386 1183 aliis
1439 1129 1499 1182 in
1548 1127 1879 1182 omitterent.
1968 1127 2097 1183 Nam
2155 1136 2301 1183 recte
2357 1127 2461 1184 dici
2516 1127 2816 1183 ostendunt

526 1225 650 1288 loci,
692 1227 934 1284 Caesaris
979 1229 1032 1283 B.
1084 1229 1142 1284 G.
1189 1229 1232 1284 11
1276 1235 1370 1292 26,
1417 1238 1448 1289 5
1506 1231 1608 1300 qui
1660 1247 1791 1302 cum
1839 1243 1917 1283 ea:
1959 1231 2213 1300 equitum
2258 1237 2315 1285 et
2355 1233 2620 1286 calonum
2662 1228 2817 1302 fuya

529 1346 640 1403 quo
679 1331 739 1386 in
779 1332 900 1386 loco
953 1346 1049 1386 res
1103 1337 1252 1387 esset
1304 1337 1630 1403 quantoque
1686 1333 1745 1386 in
1790 1332 2053 1401 periculo
2107 1337 2161 1386 et
2214 1338 2413 1387 castra
2465 1340 2521 1388 et
2563 1333 2817 1404 leyiones

527 1441 582 1489 et
622 1435 924 1504 inperator
975 1441 1329 1496 vorsaretur,
1378 1433 1580 1507 quique
1624 1431 1810 1490 multis
1858 1431 2166 1490 nominibus
2207 1435 2330 1490 huic
2374 1421 2597 1489 Sallusti
2644 1434 2817 1489 simil-

527 1533 708 1590 lumus
748 1535 857 1590 Liv.
903 1534 991 1588 VII
1029 1542 1123 1598 35,
1171 1541 1202 1597 7
1259 1539 1318 1591 in
1372 1552 1436 1592 eo
1479 1538 1627 1591 enim
1681 1538 1802 1592 loco
1841 1551 1937 1591 res
1980 1543 2113 1592 sunt
2156 1542 2388 1592 nostrae
2429 1541 2493 1590 ut
2535 1537 2689 1591 vobis
2735 1567 2813 1574 —

530 1642 735 1692 auctor
776 1639 898 1692 sim.
951 1653 1133 1714 neque
1177 1641 1325 1693 enim
1370 1641 1651 1694 maneatis
1696 1657 1773 1693 an
1816 1639 2035 1693 abeatis
2080 1639 2214 1693 hinc
2256 1639 2568 1694 deliberari
2603 1644 2815 1708 potest.

531 1737 646 1806 Qua
677 1756 736 1794 re
768 1739 1025 1796 iudicium
1056 1740 1177 1796 inde
1220 1740 1435 1814 pendet,
1481 1740 1591 1795 utri
1634 1739 1882 1797 codicum
1922 1741 2112 1813 generi
2156 1739 2282 1814 plus
2329 1738 2675 1795 tribuendum
2724 1739 2815 1801 sit,

530 1857 630 1896 nec
684 1847 863 1897 tamen
920 1841 1053 1918 illud
1105 1842 1327 1898 dubium
1385 1843 1516 1916 quin
1573 1845 1633 1897 in
1677 1840 1916 1897 additum
1968 1859 2129 1916 quam
2171 1841 2430 1898 omissum
2474 1858 2595 1898 esse
2640 1841 2817 1897 credi·

525 1940 690 1999 bilius
728 1944 816 1999 sit.

698 2079 808 2136 Cat.
862 2087 946 2143 60,
998 2089 1021 2140 l
1069 2082 1327 2138 omnibus
1369 2082 1543 2136 rebus
1584 2080 1908 2151 exploratis
1945 2079 2211 2136 Linkerus
2250 2082 2423 2137 rebus
2459 2080 2613 2138 uncis
2657 2087 2819 2136 nota-

527 2182 620 2238 vit.
703 2184 774 2237 At
825 2184 1065 2256 quamvis
1123 2182 1250 2239 Sall.
1293 2183 1408 2256 lug.
1457 2189 1554 2244 46,
1604 2189 1637 2242 6
1691 2183 2008 2252 explorare
2048 2185 2269 2249 omm‘a,
2326 2190 2422 2246 90,
2478 2193 2509 2242 5
2555 2184 2818 2239 omnibus

529 2287 868 2356 exploratio,
907 2292 991 2348 93,
1036 2292 1067 2344 5
1117 2286 1440 2356 exploratis
1479 2285 1736 2340 omnibus
1774 2283 2060 2357 scripserit
2101 2282 2248 2358 (lug.
2296 2292 2393 2347 53,
2440 2289 2471 2345 7
2540 2301 2662 2340 rem
2707 2301 2817 2340 ea:-

521 2389 914 2460 ploravissent
946 2387 1222 2444 divorsum
1256 2385 1379 2459 est),
1421 2393 1597 2458 tamen
1641 2386 1697 2442 in
1739 2387 1911 2441 rebus
1947 2403 2012 2442 eo
2044 2387 2223 2442 minus
2272 2387 2679 2444 obtendundum
2711 2395 2815 2450 est,

531 2491 678 2564 quod
732 2490 968 2545 fortasse
1029 2488 1320 2544 Sallustius
1393 2488 1693 2561 exprimere
1749 2487 1923 2543 voluit
1968 2488 2243 2545 Petreium
2298 2507 2409 2544 non
2470 2489 2648 2545 solum
2705 2489 2819 2546 loci

529 2599 778 2649 naturam
825 2599 879 2646 et
916 2590 1157 2647 hostium
1203 2591 1387 2652 aciem,
1435 2596 1518 2644 set
1562 2591 1721 2644 etiam
1766 2589 1921 2645 cuius
1959 2590 2175 2663 generis
2208 2590 2407 2646 milites
2453 2597 2651 2653 essent,
2694 2591 2819 2666 qui-

531 2692 632 2748 bus
679 2693 733 2748 in
777 2692 914 2748 locis
955 2693 1048 2766 qui
1087 2692 1252 2748 duces
1295 2698 1569 2753 curarent,
1616 2689 1710 2746 uhi
1747 2681 1987 2746 'Catilina
2027 2693 2383 2756 constitisset,
2429 2693 2816 2768 exploravisse.

533 2793 688 2862 Quod
711 2794 756 2850 si
799 2794 932 2850 illud
969 2801 1266 2869 propterea
1303 2794 1358 2849 in
1399 2793 1765 2868 suspicionem
1798 2794 2093 2850 vocandum
2126 2813 2364 2876 censeas,
2412 2795 2557 2869 quod
2588 2795 2645 2852 in
2677 2796 2819 2852 duo-

531 2897 632 2953 hus
678 2896 998 2953 recentioris
1041 2897 1234 2952 aetatis
1278 2895 1430 2952 libris
1478 2895 1768 2958 omissum,
1820 2895 1874 2951 in
1915 2895 1953 2950 F
1993 2895 2099 2952 alio
2158 2896 2279 2954 loco
2322 2896 2668 2954 conlocatum
2712 2906 2817 2962 est,

531 2999 586 3055 in
631 3015 742 3078 uno
783 2998 1014 3072 denique
1056 2992 1109 3054 s1
1165 3000 1304 3056 locis
1357 2998 1649 3072 scriptum,
1698 2997 1949 3072 profecto
2002 2999 2290 3071 permultis
2347 2999 2621 3057 vocabulis
2681 2999 2821 3058 haec

449 3127 456 3133 ·
531 3100 732 3176 scripta
779 3100 1000 3158 Sallusti
1044 3099 1282 3176 spoliare
1321 3100 1529 3174 possis:
1622 3100 1821 3156 Contra
1870 3098 1937 3154 ab
1976 3098 2130 3155 libris
2170 3109 2483 3174 suspectum
2523 3110 2627 3164 est,
2668 3104 2821 3175 quod

531 3203 696 3280 paulo
751 3211 880 3278 post
932 3212 1057 3260 ante
1100 3203 1444 3276 ferentariis
1482 3201 1708 3276 legitur,
1748 3220 1785 3257 a
1830 3207 1884 3256 et
1932 3217 2055 3257 cum
2098 3201 2363 3258 ablativus
2398 3203 2464 3259 de
2506 3204 2680 3277 copiis
2716 3222 2823 3279 per

533 3325 669 3381 quas
708 3305 913 3379 aliquid
954 3305 1062 3361 dux
1106 3305 1318 3380 perficit
1361 3305 1541 3361 dictus
1580 3305 1653 3361 sit
1706 3303 1829 3377 (vid.
1888 3303 2115 3378 interpr.
2164 3305 2230 3360 ad
2284 3305 2431 3360 Caes,
2478 3305 2532 3359 B.
2572 3304 2631 3359 G.
2677 3306 2699 3361 1
2742 3305 2818 3378 8),

531 3408 637 3463 hoc
681 3407 1030 3482 exprimitur:
1065 3406 1207 3463 uude
1252 3407 1415 3462 duces
1459 3405 1770 3462 ferentariis
1800 3405 1886 3461 usi
1915 3406 2188 3479 proelium
2222 3407 2547 3462 conmittere
2570 3417 2818 3480 possent.

531 3509 818 3566 Postremo
867 3507 1106 3565 eiusdem
1151 3525 1266 3582 cap.
1315 3508 1368 3580 §-
1417 3515 1449 3568 6
1495 3508 1642 3582 quod
1679 3525 1878 3564 nomen
1924 3507 2233 3576 Catilinae,
2292 3525 2401 3581 quo
2448 3509 2623 3564 careri
2660 3509 2821 3566 nullo

532 3609 696 3666 modo
737 3617 939 3684 potest,
987 3609 1043 3664 in
1085 3609 1488 3666 vetustissumis
1534 3608 1690 3666 libris
1736 3610 1955 3679 divorso
2000 3610 2122 3667 loco
2164 3610 2535 3672 conlocatum,
2591 3610 2648 3666 in
2694 3609 2819 3666 aliis

533 3711 793 3770 omissum
849 3719 950 3773 est,
1007 3711 1061 3766 in
1103 3712 1397 3786 archetypo
1444 3710 1577 3767 illud
1622 3711 1885 3768 excidisse
1930 3711 2149 3786 planum
2196 3719 2279 3768 est
2338 3718 2502 3785 atque
2546 3721 2818 3787 apertum.

530 3813 646 3883 Qua
681 3830 740 3869 re
775 3791 1144 3893 quaerundum
1176 3813 1297 3876 erit,
1343 3831 1524 3870 annon
1567 3820 1691 3869 ante
1725 3813 1931 3889 aliquid
1964 3813 2223 3871 omissum
2254 3814 2342 3876 sit,
2379 3831 2507 3891 cum
2551 3831 2681 3870 sane
2726 3815 2822 3871 de-

531 3913 993 3990 siderariepossit,
1035 3915 1164 3990 quid
1208 3915 1432 3972 Catilina
1482 3917 1677 3973 fecerit
1719 3916 1925 3990 ubique
1966 3923 2215 3974 vorsatus
2260 3917 2332 3972 sit
2378 3922 2505 3972 aute
2552 3905 2820 3990 quam'in

529 4017 720 4074 hostes
765 4016 1100 4074 incurrisset.

701 4153 813 4226 lug.
856 4159 905 4217 3,
945 4160 980 4214 3
1034 4153 1129 4228 qui
1182 4169 1242 4210 se
1284 4160 1410 4210 ante
1461 4153 1769 4227 fatiyando
1814 4156 2060 4230 spurium
2104 4155 2431 4218 iudicavere,
2478 4155 2693 4212 videant
2753 4174 2822 4212 an

531 4230 664 4311 satis
719 4255 1060 4312 auctoritatis
1113 4255 1168 4310 in
1222 4273 1332 4312 uno
1379 4249 1446 4312 P1
1515 4255 1673 4329 (nam
1737 4250 1787 4313 sl
1857 4257 2231 4314 testimonium
2286 4256 2441 4313 nihili
2496 4258 2821 4332 putandum,

531 4359 681 4412 certe
718 4373 828 4412 non
863 4355 990 4431 plus
1034 4357 1084 4413 ei
1127 4356 1498 4422 tribuendum,
1552 4376 1711 4433 quam
1772 4359 2185 4435 transpositioni
2240 4360 2298 4416 in
2340 4353 2405 4435 g4
2450 4367 2507 4416 et
2549 4354 2644 4434 3⁵)
2693 4378 2821 4420 esse
