3042 4917
503 75 528 97 Ο

542 243 662 306 114
1260 257 1865 306 connnnramosum
1911 258 2051 306 cAr.
2100 260 2161 308 v.

538 425 690 475 metu
732 418 1073 474 cesserimus
1113 415 1454 490 scripserim,
1515 415 1709 474 harum
1748 435 1930 474 rerum
1972 418 2165 495 peritis
2213 420 2297 476 vix
2336 422 2712 496 exponendum
2750 423 2825 479 vi-

535 524 696 580 detur
733 514 796 594 ¹).

707 641 818 696 Cat.
865 647 949 702 59,
996 645 1031 699 3
1080 637 1294 710 volgata
1339 645 1466 694 sunt
1508 638 1669 693 haec:
1710 641 1834 710 ipse
1880 637 2147 712 (Catilina)
2195 658 2326 697 cum
2369 643 2585 699 libertis
2631 650 2687 699 et
2730 661 2824 700 co-

534 745 680 801 lonis
706 747 956 820 propter
998 741 1250 812 aquilam
1295 741 1546 808 adsistit,
1606 757 1779 812 quam
1838 741 1981 798 bello
2040 741 2318 798 Cimbrico
2376 744 2439 799 G.
2485 743 2718 801 Marius
2764 749 2825 801 in

535 848 800 902 exercitu
840 844 1108 899 habuisse
1151 843 1467 899 dicebatur.
1554 841 1746 898 Mirum
1775 852 1875 906 cst,
1919 843 1966 898 si
2003 842 2293 900 Sallustius
2340 847 2635 922 scripserat
2674 851 2823 904 colo-

533 951 642 1017 niS,
687 947 740 1004 id
772 947 827 1002 111
857 947 1110 1016 coloniae,
1149 952 1312 1018 atque
1349 945 1482 1000 adeo
1513 944 1660 1017 quod
1695 945 2069 1001 vetustissumi
2100 952 2155 1001 et
2196 949 2403 1022 optumi
2438 949 2693 1004 exhibent
2734 967 2825 1006 co-

531 1051 755 1116 lonibus
809 1048 1095 1122 conrumpi
1148 1047 1414 1122 potuisse.
1504 1044 1571 1100 Et
1628 1047 1722 1120 qui
1778 1047 1995 1104 tandem
2064 1049 2217 1105 fuere
2274 1049 2356 1104 illi
2410 1049 2622 1113 coloni,
2683 1070 2824 1126 quos

534 1150 761 1208 Catilina
803 1167 986 1207 secum
1025 1148 1226 1205 habere
1264 1147 1474 1204 voluit?
1550 1147 1761 1212 Sullae,
1810 1149 2095 1224 inquiunt,
2143 1152 2402 1216 veterani,
2450 1153 2503 1207 in
2550 1151 2825 1210 Etruriam

531 1254 749 1310 deducti
793 1253 1085 1327 colonique
1131 1251 1277 1308 facti.
1365 1248 1565 1306 Eorum
1614 1268 1871 1323 magnum
1915 1269 2201 1309 numerum
2243 1239 2310 1309 ⁴in
2353 1253 2611 1310 Catilinae
2670 1273 2825 1310 exer-

531 1358 644 1414 citu
679 1357 850 1412 fuisse
893 1373 1054 1413 nemo
1100 1354 1333 1427 ignorat,
1381 1359 1437 1407 at
1477 1369 1662 1408 11011116
1704 1353 1963 1410 credibile
2010 1363 2095 1410 est
2140 1373 2237 1412 eos
2282 1364 2539 1429 optumos
2583 1365 2823 1414 armatos

533 1441 703 1516 l’uisse
749 1476 889 1533 quos
938 1474 1123 1514 omnes
1162 1456 1218 1510 in
1262 1455 1490 1530 primam
1537 1455 1705 1511 aciem
1766 1455 2065 1512 subductos
2112 1458 2273 1514 modo
2320 1460 2560 1532 scriptor
2604 1477 2823 1516 conme-

531 1562 798 1618 moravit?
874 1560 996 1616 Iure
1040 1558 1347 1631 meritoque
1391 1557 1657 1614 Gruterus
1703 1557 1792 1614 hic
1847 1559 2056 1632 requiri
2094 1559 2230 1616 dixit
2274 1561 2558 1617 cohortem
2600 1569 2822 1636 praeto-

532 1665 683 1727 riam,
729 1681 886 1738 quam
931 1661 1035 1717 sibi
1080 1660 1307 1716 Catilina
1352 1677 1417 1716 ex
1459 1659 1795 1730 fortissumis
1831 1661 2119 1733 paraverit,
2166 1671 2221 1718 at
2264 1663 2316 1719 id
2351 1662 2641 1720 Sallustius
2670 1672 2822 1720 certe

529 1767 772 1824 dixisset.
861 1762 1077 1820 Scilicet
1121 1781 1185 1819 ex
1227 1763 1373 1819 omni
1417 1779 1476 1817 re
1520 1769 1771 1836 apertum
1826 1763 2276 1825 cstDCatilinam
2333 1765 2589 1838 exiguum
2632 1785 2823 1823 nume-

531 1887 652 1925 rum
702 1866 982 1941 copiarum
1035 1882 1255 1922 suarum
1313 1864 1490 1920 celare
1551 1862 1805 1920 voluisse.
1900 1863 2013 1930 Qua
2062 1883 2121 1922 re
2166 1874 2421 1941 optumos
2480 1868 2535 1924 in
2588 1869 2820 1943 primam

529 1971 696 2028 aciem
737 1969 1006 2032 subduxit,
1053 1969 1230 2024 minus
1275 1968 1412 2023 bene
1456 1975 1693 2022 armatos
1740 1975 1795 2021 et
1825 1965 2048 2022 inutiles
2090 1968 2156 2023 ad
2199 1970 2551 2042 pugnandum
2588 1971 2644 2026 in
2690 1971 2820 2026 sub-

529 2074 681 2130 sidiis
725 2072 1042 2134 conlocavit,
1092 2089 1200 2146 quo
1246 2069 1500 2126 hostibus
1530 2068 1752 2124 maioris
1794 2069 2008 2124 numeri
2056 2070 2287 2144 speciem
2320 2071 2627 2145 praeberet.
2668 2073 2818 2148 ‚Ipse

529 2183 716 2250 aperte
762 2175 816 2230 in
861 2173 1105 2230 subsidio
1147 2173 1399 2230 constitit
1443 2188 1544 2226 nec
1584 2188 1686 2245 per
1734 2188 1791 2245 se
1838 2170 2285 2229 incredibile·est
2338 2191 2519 2230 secum
2560 2174 2819 2230 habuisse

528 2296 640 2341 eoS,
687 2295 809 2334 cum
853 2275 1055 2350 quibus
1099 2275 1474 2333 laborantibus
1521 2280 1744 2347 optume
1788 2255 2049 2329 auxilium
2092 2275 2238 2330 forre
2274 2282 2480 2348 posset.
2571 2278 2642 2331 At
2686 2293 2815 2332 num

523 2379 709 2436 liberti
747 2378 882 2434 tales
930 2378 1116 2433 fuere?
1205 2378 1589 2451 Contemptum
1631 2373 1882 2449 profecto
1927 2393 2100 2448 genus
2158 2384 2212 2432 et
2267 2377 2322 2432 in
2366 2377 2529 2433 armis
2574 2378 2859 2434 minume·

524 2482 820 2539 exercitati.
911 2478 1172 2535 Videlicet
1215 2496 1311 2544 eos
1355 2496 1574 2552 quoque
1607 2476 1809 2534 nullam
1854 2476 2011 2533 aliam
2040 2478 2109 2534 ob
2144 2496 2390 2536 caussam
2422 2481 2564 2536 circa
2596 2499 2655 2548 se
2684 2481 2817 2536 reti-

524 2585 663 2647 nuit,
702 2583 805 2639 nisi
839 2591 902 2638 ut
942 2582 1131 2637 hostes
1178 2581 1358 2654 specie
1398 2580 1632 2636 falleret.
1720 2579 1885 2636 Recte
1919 2579 2115 2637 talibus
2156 2581 2532 2656 adiunguntur
2562 2584 2813 2650 calones,

525 2703 666 2760 quos
710 2684 983 2740 interdum
1025 2682 1316 2745 militibus,
1381 2700 1490 2756 quo
1530 2699 1789 2738 numerus
1828 2689 2149 2756 augeretur,
2211 2685 2468 2740 inmixtos
2516 2702 2639 2740 esse
2683 2702 2814 2741 con·-
2854 2689 2863 2692 “

523 2795 632 2844 stat
679 2786 797 2860 (cfr.
843 2786 954 2841 Liv.
1001 2785 1224 2840 XXXVII
1265 2783 1368 2858 18).
1459 2784 1573 2853 Qua
1609 2803 1668 2841 re
1711 2786 2007 2841 calonibus
2066 2804 2177 2842 non
2228 2796 2334 2842 tam
2379 2786 2581 2843 codicis
2626 2787 2812 2842 cuius·

443 2885 466 2898 ²
521 2890 642 2945 dam
699 2888 970 2944 Cuiaciani
1025 2887 1378 2950 auctoritate,
1431 2905 1593 2961 quam
1639 2891 1953 2944 coniectura
2016 2905 2080 2944 ex
2132 2896 2483 2962 optumorum
2544 2889 2815 2945 librorum

519 2991 790 3065 scriptura
828 2991 1117 3046 colonibus
1157 2989 1531 3063 retingendum
1577 2991 1782 3046 censui.

690 3094 866 3150 Locus
907 3091 1277 3149 difficillumus
1317 3099 1402 3154 est
1443 3092 1559 3165 lug.
1592 3101 1641 3156 3,
1676 3102 1703 3152 1
1751 3093 1845 3149 ubi
1888 3110 1998 3148 non
2047 3090 2225 3148 solum
2256 3092 2383 3149 libri
2420 3109 2582 3148 manu
2616 3092 2813 3167 scripti

518 3196 716 3252 mirum
766 3195 822 3250 in
878 3195 1098 3250 modum
1133 3194 1373 3257 variant,
1429 3201 1514 3249 set
1572 3194 1736 3250 etiam
1794 3194 2036 3252 virorum
2078 3195 2367 3251 doctorum
2412 3195 2717 3250 sententiae
2754 3196 2811 3250 in

516 3297 900 3354 divorsissuma
961 3297 1159 3352 abiere.
1261 3296 1368 3351 Alii
1418 3296 1562 3351 6111111
1620 3298 1701 3364 iS,
1760 3295 1850 3350 alii
1903 3299 2017 3365 via,
2076 3296 2167 3352 alii
2224 3299 2315 3353 ius
2374 3295 2622 3370 (Selling.
2682 3294 2808 3352 lect.

515 3417 568 3473 p.
617 3406 682 3459 18
719 3398 860 3473 sqq.)
907 3397 1230 3472 probavere,
1289 3406 1373 3454 set
1413 3415 1573 3454 nemo
1614 3399 1859 3470 negavit,
1913 3399 2045 3455 haec
2100 3399 2279 3455 omnia
2333 3399 2574 3473 inpedita
2630 3416 2809 3472 neque

517 3500 650 3556 satis
693 3499 882 3575 plana-
905 3507 959 3554 et
1001 3499 1290 3574 perspicua
1347 3517 1483 3556 csse.
1575 3499 1911 3573 'Quicumque
1966 3509 2147 3558 autem
2201 3502 2447 3558 codicum
2506 3501 2809 3575 scripturas

513 3601 808 3675 diligenter
847 3583 1224 3675 perscrutatus
1265 3601 1456 3666 fuerit,
1518 3602 1675 3659 facile
1720 3603 1785 3658 ad
1834 3620 1951 3659 eam
1994 3604 2319 3660 senteutiam
2365 3603 2681 3666 adducetur,
2728 3603 2809 3660 lo-

515 3721 638 3760 cum
682 3712 1013 3779 conruptum
1053 3721 1201 3768 esse,
1257 3723 1380 3762 cum
1426 3721 1529 3780 pro
1576 3722 1642 3761 eo
1686 3705 1832 3780 quod
1878 3704 2173 3763 Sallustius
2218 3706 2531 3779 scripsisset
2574 3705 2811 3780 explica-

585 3887 644 3954 1)
694 3887 930 3938 Omnino
967 3888 1034 3938 de
1084 3889 1166 3938 eis
1199 3888 1370 3952 locist,
1420 3888 1480 3938 in
1517 3889 1634 3953 qui·
1686 3892 1867 3940 latere.
1906 3887 1992 3952 80,
2030 3889 2062 3936 7
2098 3892 2236 3940 nulla
2270 3904 2368 3953 pro
2404 3891 2603 3939 nullam.
2650 3887 2735 3952 98,
2774 3887 2809 3965 3

514 3971 615 4024 bus
655 3974 984 4024 emendandi
1029 3976 1176 4024 ratio
1224 3975 1338 4024 iam
1385 3974 1454 4023 ab
1505 3973 1635 4023 aliis
1688 3974 1969 4039 quaerebat
2014 3989 2112 4038 pro
2155 3974 2388 4038 gerebat.
2468 3973 2659 4037 Neque
2716 3989 2808 4024 co·

514 4061 743 4110 inventa.
792 4075 859 4110 ac
904 4060 1142 4126 probata
1189 4065 1275 4110 est
1322 4065 1417 4110 aut
1461 4059 1633 4109 facile
1684 4059 1895 4124 piosius
1934 4059 2001 4110 de
2039 4058 2248 4108 talibus
2274 4057 2686 4122 suspicionibus
2714 4075 2805 4106 ex-

511 4145 860 4210 perspicitur,
901 4146 1079 4197 fusius
1120 4147 1407 4211 disputare
1445 4160 1631 4210 super·
1684 4159 1910 4209 ponam,
1963 4143 2142 4208 qualis
2191 4148 2301 4206 est,
2355 4157 2517 4207 quam
2565 4142 2636 4192 ad
2682 4144 2804 4208 Iug.

513 4231 706 4293 861160,
767 4230 924 4281 velut
969 4231 1038 4280 de
1085 4232 1207 4297 Iug,
1253 4229 1312 4295 8,
1363 4231 1396 4280 5
1439 4235 1635 4280 suamet
1689 4228 1777 4294 10,
1818 4229 1850 4278 5
1895 4229 2230 4294 significavi,
2277 4244 2376 4292 pro
2422 4230 2636 4278 amicior
2670 4228 2809 4277 mihi

510 4321 670 4378 ipsum
712 4321 950 4378 pecunia.
996 4317 1116 4381 Iug.
1165 4314 1257 4378 68,
1306 4317 1342 4364 4
1387 4319 1490 4365 late
1532 4331 1631 4380 pro
1684 4315 2039 4365 scribundum
2074 4313 2254 4365 videri
2288 4317 2622 4364 coniunctior.
