3042 4917
874 324 1485 375 conunwm'monun
1533 328 1677 373 car.
1726 326 1811 373 iv.
2405 304 2503 369 6?

187 487 253 545 ad
289 486 599 563 puniendos
644 485 906 544 scelestos
944 494 1108 561 atque
1149 466 1413 561 inprobos
1459 485 1708 541 homines
1749 482 2142 547 contulissent,
2179 492 2374 559 postea
2417 502 2484 541 ex

190 608 403 646 summa
436 586 705 646 'lubidine
748 590 836 646 usi
896 590 951 645 in
1010 607 1199 645 omnes
1245 589 1421 645 bonos
1468 586 1754 644 saevivere.
1835 588 1944 643 lam
1991 588 2043 643 id
2089 588 2144 659 S.
2190 594 2258 649 35
2303 604 2482 661 neque

188 694 243 747 in
294 692 363 747 Μ.
408 690 587 747 Tullio
642 709 820 766 neque
870 692 958 747 his
1016 690 1357 765 temporibus
1413 690 1706 747 verendum
1759 706 1879 745 esse
1923 689 2190 754 declarat,
2243 698 2329 745 set
2364 688 2482 745 fieri

186 801 383 868 postea
420 809 601 867 posse,
640 802 703 849 ut
740 794 885 868 quod
928 794 1157 849 nuncin
1188 791 1451 849 scelestos
1486 792 1734 848 homines
1762 780 2090 865 permissum
2121 792 2210 855 sit,
2257 792 2312 847 in
2345 790 2482 847 alios

186 913 301 951 non
344 895 544 969 dignos
584 897 969 951 transferatur.
1066 895 1250 951 Monet
1301 912 1437 969 ergo
1493 911 1562 949 ne
1607 894 1853 950 Ciceroni
1893 894 2354 969 maior-,potestas
2403 922 2476 935 -·

186 1000 255 1054 de
296 998 506 1055 civibus
548 998 825 1055 sceleratis
884 996 1117 1071 subplici
1163 996 1418 1053 sumundi
1462 1026 1538 1037 -—
1593 996 1869 1058 tradatur,
1911 1012 2022 1052 non
2065 1014 2177 1071 quo
2223 994 2377 1051 illum
2419 1013 2482 1051 ea

188 1102 494 1158 abusurum
528 1100 741 1162 credat,
788 1100 885 1156 sed
932 1100 1077 1174 quod
1120 1106 1314 1174 postea
1358 1098 1528 1161 alius,
1587 1097 1676 1153 cui
1729 1098 1913 1153 eadem
1960 1104 2206 1173 potestas
2251 1104 2483 1173 propter

190 1203 385 1259 falsam
432 1202 800 1276 suspicionem
844 1200 1047 1257 tradita
1083 1202 1171 1265 sit,
1218 1218 1328 1275 quo
1360 1200 1542 1257 minus
1588 1199 1847 1256 abutatur
1893 1200 2174 1275 prohiberi
2211 1218 2322 1256 non
2353 1218 2482 1274 pos·

188 1306 293 1369 sit;
343 1304 492 1379 quod
538 1304 685 1360 bono
728 1311 785 1359 et
826 1303 1085 1377 prudenti
1116 1309 1263 1359 recte
1304 1302 1673 1377 permittatur,
1721 1302 1773 1357 id
1802 1302 1994 1375 ignaro
2033 1310 2089 1358 et
2121 1302 2302 1359 minus
2333 1302 2480 1359 bono

188 1408 333 1463 tradi
375 1405 749 1481 periculosum
794 1422 915 1461 esse
960 1404 1071 1478 (27)
1104 1399 1169 1478 ¹).
1246 1405 1305 1460 In
1351 1422 1461 1478 quo
1495 1404 1630 1461 illud
1661 1403 1818 1459 facile
1847 1404 2199 1479 perspicitur,
2238 1404 2482 1479 exempla

192 1509 426 1581 triginta
464 1507 707 1564 virorum
749 1507 1163 1565 Atheniensium
1217 1514 1273 1562 et
1316 1506 1375 1561 L.
1416 1504 1600 1563 Sullae
1645 1507 1708 1562 ad
1755 1513 2099 1581 praesentem
2141 1523 2326 1564 rerum
2371 1514 2480 1563 sta·

190 1619 311 1667 tum
356 1617 652 1684 propterea
696 1627 807 1665 non
834 1626 1079 1689 ‚prorsus
1124 1616 1249 1683 apta
1292 1626 1430 1671 esse,
1474 1609 1623 1682 quod
1658 1608 1738 1664 illi
1779 1616 2099 1683 perpetuam
2131 1625 2231 1665 nec
2265 1607 2479 1681 legibus

186 1711 660 1786 circumscriptam
705 1718 1032 1786 potestatem
1087 1710 1454 1774 obtinuerant,
1500 1710 1686 1767 Cicero
1727 1728 1870 1766 auno
1903 1688 2102 1767 ’exacto
2133 1709 2478 1767 consulatum

186 1814 545 1888 depositurus
589 1814 695 1869 suit
737 1807 813 1887 2),
860 1814 1003 1869 unde
1050 1812 1391 1887 intellegitur
1432 1812 1488 1869 in
1535 1808 1624 1887 eis⁰
1659 1812 1918 1887 exemplis
1965 1813 2070 1870 hoc
2111 1813 2478 1888 potissumum

186 1916 447 1991 spectari,
499 1916 699 1989 quibus
744 1916 901 1972 initio
946 1916 1088 1973 cives
1135 1916 1319 1971 laetati
1362 1922 1564 1977 essent,
1608 1933 1670 1970 ea
1710 1933 1834 1971 mox
1882 1915 1938 1971 in
1982 1932 2174 1971 eorum
2216 1932 2478 1972 summam

186 2018 552 2075 calamitatem
596 2035 863 2075 convorsa
905 2036 1042 2081 esse,
1088 2036 1213 2075 cum
1256 2018 1517 2092 puniendi
1565 2017 1783 2073 licentia
1824 2016 1890 2071 ab
1935 2016 2118 2089 dignis
2163 2024 2220 2072 et
2263 2017 2474 2073 idoneis

186 2120 255 2177 ad
290 2120 549 2193 indignos
578 2128 635 2175 et
664 2136 777 2175 non
802 2120 1029 2176 idoneos
1068 2120 1353 2175 transferri
1384 2118 1577 2175 soleat.
1621 2119 1833 2175 Novom
1858 2120 2004 2175 illud
2025 2121 2351 2189 eoeemplum
2376 2118 2478 2191 igi-

189 2232 287 2279 tur
330 2229 481 2295 patet
531 2239 651 2277 esse
700 2221 1181 2277 extraordinariam
1225 2221 1487 2295 puniendi
1532 2226 1880 2295 potestatem,
1927 2237 2067 2295 quae
2111 2220 2168 2276 in
2213 2220 2476 2277 scelestos

185 2324 335 2380 cives
380 2322 543 2379 alicui
598 2322 792 2378 tradita
836 2323 935 2385 sit,
982 2323 1195 2397 qualem
1237 2340 1382 2379 nunc
1421 2323 1474 2378 in
1514 2322 1834 2379 coniuratos
1877 2323 2286 2397 conprehensos
2331 2322 2478 2380 Cice-

184 2425 315 2481 roni
356 2424 629 2481 decreturi
681 2432 837 2479 erant
878 2432 1063 2499 patres
1092 2426 1408 2500 conscripti.
1482 2424 1540 2481 Id
1579 2424 1880 2481 membrum
1915 2424 2094 2481 autem
2131 2424 2478 2499 praecedenti

184 2526 495 2583 sententiae
548 2526 805 2583 conmuni
850 2526 1165 2601 obponitur.
1254 2526 1401 2595 Quae
1449 2527 1626 2600 qualis
1667 2544 1787 2583 esse
1836 2527 2034 2583 debet?
2115 2527 2171 2583 Si
2228 2526 2358 2600 quid
2403 2528 2476 2582 vi-

182 2630 311 2692 deo,
346 2629 421 2683 ita
464 2635 611 2684 recte
655 2628 906 2703 procedit
948 2628 1377 2702 argumentatio:
1438 2628 1632 2685 Potest
1673 2628 1906 2703 aliquid,
1956 2630 2104 2703 quod
2147 2630 2212 2685 ad
2253 2646 2476 2685 conser-

182 2730 415 2785 vandam
459 2746 573 2785 rem
610 2729 885 2804 publicam
940 2730 1283 2792 decernitur,
1343 2729 1547 2787 laetum
1600 2739 1764 2805 atque
1818 2732 1952 2787 utile
2004 2749 2124 2788 esse
2179 2739 2234 2787 et
2274 2732 2474 2787 merito

182 2831 325 2893 fleri,
371 2838 456 2886 set
496 2832 789 2888 cavendum
830 2838 915 2887 est
951 2848 1020 2887 ne
1064 2832 1263 2889 malum
1300 2832 1603 2907 exemplum
1635 2834 2032 2898 constituatur;
2077 2833 2171 2889 ubi
2204 2834 2474 2908 inperium

182 2933 255 2989 ad
299 2933 525 3006 ignavos
568 2941 665 2990 aut
700 2934 881 2991 minus
925 2934 1101 2991 bonos
1136 2934 1457 2991 translatum
1497 2936 1683 2997 fuerit,
1731 2936 1780 2991 ei
1811 2936 2204 3009 indignissume
2251 2935 2348 2991 illo
2385 2954 2474 2991 ex-

182 3034 373 3109 emplo
432 3034 753 3099 abutentur,
820 3035 1137 3093 innocentes
1206 3055 1413 3094 summa
1470 3038 1668 3094 iniuria
1728 3038 2040 3111 perdentur.
2129 3036 2209 3091 lta
2258 3036 2472 3093 demum

180 3136 435 3211 exempla
489 3137 716 3211 triginta
765 3139 1007 3195 virorum
1061 3139 1471 3196 Atheniensium
1522 3136 1577 3195 et
1621 3140 1680 3195 L.
1738 3138 1918 3195 Sullae
1973 3139 2268 3213 aptissuma
2326 3145 2472 3195 sunt.

180 3240 364 3313 Igitur
398 3238 605 3295 *talisne
652 3240 921 3297 sententia
966 3241 1109 3297 inest
1153 3242 1207 3297 in
1244 3223 1419 3298 verbis
1466 3243 1657 3297 omnia
1699 3242 1855 3297 mala
1900 3242 2170 3313 eaeempla
2197 3256 2276 3296 ea:
2317 3241 2477 3297 bonis

181 3348 319 3399 orta
360 3346 515 3411 sunl,
558 3359 695 3415 quae
740 3342 848 3398 alio'
880 3343 1043 3399 modo
1084 3343 1251 3417 accipi
1290 3360 1400 3399 non
1442 3350 1706 3419 possunt,
1752 3343 1888 3400 nisi:
1935 3360 2292 3418 quaecunque
2335 3342 2475 3399 mala

180 3442 435 3518 exempla
481 3443 621 3501 sacta
666 3452 811 3508 sunt,
848 3462 909 3500 ea
941 3443 1099 3501 initio
1136 3444 1278 3501 bona
1308 3446 1499 3502 fuere?
1577 3447 1712 3503 Tum
1745 3463 1944 3503 novom
1977 3448 2120 3503 illud
2147 3448 2475 3519 exemplum

254 3608 317 3675 1)
364 3608 696 3661 Plutarchus
742 3610 839 3661 vit.
892 3610 1051 3661 Caes.
1100 3611 1132 3661 7
1186 3627 1308 3661 cum
1359 3628 1458 3679 per
1502 3614 1569 3663 L.
1619 3613 1828 3665 Sullam
1886 3614 2059 3679 primo
2105 3614 2214 3665 sibi
2261 3614 2474 3681 inperio

180 3696 267 3746 ita
304 3696 373 3745 de
413 3695 671 3746 &aesaris
718 3697 1000 3747 sententia
1042 3702 1305 3762 exponat:
1362 3714 1550 3748 eorum
1597 3700 1690 3765 qui
1733 3682 1878 3749 malo
1917 3700 2000 3751 rei
2046 3700 2306 3765 publicae
2356 3716 2474 3750 cre-

181 3772 361 3845 λόγον
398 3778 610 3845 διῆλθε
656 3775 1177 3847 πεφροντισμένον,
1232 3773 1309 3841 ὥς
1359 3789 1558 3833 verant
1621 3783 1848 3834 liberati
1902 3786 2011 3835 visi
2067 3789 2194 3835 sunt
2251 3801 2470 3850 remque

180 3856 527 3917 ἆποκτεῖναι
584 3858 691 3931 μὲν
748 3856 1021 3932 οἷκρίτους
1083 3855 1308 3933 ἄνδρας
1359 3852 1641 3933 publicam
1678 3869 1748 3919 ab
1784 3870 2034 3934 pernicie
2070 3876 2470 3935 conservatam,

180 3942 472 4015 ἀξιώματι
498 3945 597 3999 καὶ
620 3944 774 4016 ’γένει
793 3944 1089 4017 λαμπροὺς
1114 3942 1183 4002 οὔ
1212 3951 1307 4003 δυ·-
1360 3968 1491 4019 ergo
1529 3955 1652 4005 illos
1689 3970 1897 4004 summa
1932 3956 2268 4005 necessitate
2305 3956 2472 4005 inter-

180 4039 277 4087 κεῖ
309 4028 559 4100 πάτριον
594 4024 733 4086 οὐδὲ
772 4034 1005 4087 δίκαιον
1041 4030 1192 4087 εἶναι
1228 4031 1306 4103 μὴ
1362 4038 1538 4087 sectos
1574 4044 1856 4103 putavere.

182 4113 327 4187 μετὰ
364 4118 467 4185 τῆς
505 4111 743 4187 ἐσχάτης
777 4111 1065 4189 ἀνάγκης,
1112 4122 1308 4173 ultima
1427 4121 1490 4185 2)
1531 4120 1744 4171 Callide
1782 4124 1864 4172 ita
1901 4121 2344 4173 Caesarem'rem
2390 4126 2472 4175 in-

182 4208 357 4257 verba
386 4206 459 4256 ad
482 4205 630 4255 hanc
656 4212 870 4271 partem
893 4208 1160 4257 orationis
1185 4224 1305 4272 per·
1358 4206 1634 4270 stituisse‚
1693 4211 1756 4256 ut
1811 4206 2052 4271 aliquam
2105 4209 2474 4273 suspicionem

183 4292 363 4342 tinere
404 4290 656 4355 adparet.
728 4292 869 4343 Nam
916 4298 972 4342 et
1006 4292 1305 4343 Athenien·
1360 4296 1625 4355 moveret,
1663 4292 1780 4341 sore
1817 4296 1878 4341 ut
1915 4290 2108 4342 Cicero
2148 4294 2290 4344 alter
2319 4295 2475 4347 Sulla

186 4392 273 4427 ses
319 4392 421 4443 per
464 4376 701 4441 triginta
745 4378 920 4441 viros,
972 4382 1028 4427 et
1072 4377 1307 4427 Romani
1362 4376 1644 4443 evaderet,
1679 4378 1774 4429 vix
1799 4382 1883 4428 est
1919 4360 2061 4442 quod
2096 4396 2362 4431 moneam.

1933 4463 2023 4525 5*
