3042 4917
885 311 1496 360 conunerrionmt
1543 315 1684 359 cAr.
1733 317 1815 360 1v.
2424 295 2505 362 87

215 470 354 528 ratio
388 469 655 546 postulat,
702 487 824 527 cum
857 486 996 545 quae
1039 470 1106 526 ad
1147 469 1281 526 duas
1325 487 1415 528 res
1459 477 1709 546 spectent
1732 479 2049 546 sequantur,
2094 480 2156 528 ut
2190 472 2353 530 etiam
2393 474 2503 530 duo

217 576 564 649 praecedant.
652 571 855 628 Dixerit
905 571 1142 628 fortasse
1193 572 1494 647 quispiam.-
1549 576 1807 631 convivia
1861 583 2155 648 utrumque
2198 574 2501 649 conplecti;

215 693 334 732 esse
379 675 540 739 talia,
599 675 666 731 ad
723 689 861 748 quae
901 681 1082 730 scorta
1125 673 1508 738 adhibeantur,
1563 675 1620 731 in
1656 675 1853 750 quibus
1896 681 1953 732 e‘t
1992 677 2197 732 ventris
2240 675 2504 751 cupidita-

215 778 361 834 tibus
402 784 462 833 et
505 775 842 832 lubidinibus
877 775 1080 832 amoris
1127 774 1502 848 indulgeatur;
1548 784 1605 832 at
1648 777 1702 833 id
1746 777 1969 853 probari
1997 778 2202 851 nequit,
2248 779 2501 851 quoniam

215 879 290 954 ita
331 886 479 936 tecte
517 886 573 935 et
618 877 908 934 artificiose
953 876 1104 951 loqui
1145 877 1380 933 minume
1425 877 1611 950 ingeni
1644 877 1957 935 Sallustiani
1988 886 2088 942 est,
2126 888 2182 936 et
2223 881 2339 954 ipse
2371 879 2503 936 scri-

215 989 344 1056 ptor
386 981 502 1037 Cat.
542 986 593 1043 7,
637 985 674 1038 4
715 979 875 1054 plene
925 997 986 1036 ac
1027 979 1283 1036 distincte
1325 979 1460 1034 dixit
1501 982 1796 1052 mayisque
1852 983 1913 1036 in
1949 983 2175 1037 decoris
2224 983 2405 1038 armis
2450 987 2507 1038 et

217 1084 562 1140 militaribus
617 1083 780 1152 equis
832 1098 1005 1152 quam
1058 1083 1117 1136 in
1167 1082 1376 1137 scortis
1416 1085 1588 1152 atque
1643 1083 1914 1139 conviviis
1968 1083 2275 1140 lubidinem
2331 1084 2503 1140 habe-

217 1187 370 1242 bant.
445 1183 601 1253 Quod
633 1183 678 1239 si
709 1182 1036 1257 obposueris
1076 1181 1218 1238 infra
1257 1183 1462 1253 epulas
1507 1182 1652 1240 solas
1692 1185 2088 1241 conmemorari
2135 1184 2364 1257 (quibus
2406 1187 2505 1243 illa

217 1289 403 1360 epulis
447 1287 787 1342 iocundiora
829 1284 1008 1358 sunt),
1052 1282 1197 1341 aliud
1227 1290 1312 1339 est
1352 1301 1735 1358 praegressum
1781 1285 2053 1350 omittere,
2094 1285 2239 1342 aliud
2270 1287 2324 1343 id
2358 1288 2505 1360 quod

147 1431 154 1436 -
219 1387 676 1463 alteri-adposito
720 1387 1048 1462 respondeat
1091 1385 1402 1458 neglegere.
1493 1385 1634 1454 Quid
1688 1387 1891 1460 igitur?
1935 1393 2121 1444 utrum
2167 1387 2371 1462 aliquid
2414 1405 2505 1444 ex-

217 1491 416 1548 cidisse
462 1497 791 1552 statuamus,
848 1507 917 1545 an
965 1491 1027 1545 in·
1065 1489 1334 1545 conviviis
1381 1487 1653 1562 glossema
1698 1491 1854 1546 esse?
1936 1489 2050 1546 Hoc
2092 1489 2226 1546 mihi
2288 1490 2504 1564 quidem

219 1593 328 1649 veri
371 1591 607 1648 similius
637 1590 868 1647 videtur.
959 1590 1017 1646 ln
1071 1589 1150 1646 eis
1197 1607 1334 1663 quae
1377 1598 1683 1664 sequuntur
1716 1595 2015 1664 pulverem
2060 1609 2165 1648 om.
2213 1591 2335 1656 ἑΒΤ,
2382 1611 2501 1667 sup.

219 1695 309 1752 lin.
341 1713 415 1751 m.
477 1693 722 1750 Alterum
753 1711 818 1749 ex
846 1692 1176 1767 glossemate
1213 1700 1392 1748 ortum
1423 1709 1545 1750 csse
1582 1692 1665 1748 vel
1695 1693 1817 1750 inde
1848 1693 2087 1768 adparet,
2125 1694 2271 1769 quod
2298 1693 2425 1751 Sall.
2451 1701 2508 1752 et

220 1799 334 1853 alia
384 1798 529 1853 talia
577 1812 856 1869 nunquam
911 1795 1018 1850 nisi
1072 1777 1210 1850 uno
1239 1811 1350 1850 non
1395 1793 1649 1868 pluribus
1691 1795 2142 1870 praecedentibus
2186 1795 2321 1853 dixit
2370 1795 2503 1869 (lug.

218 1905 301 1962 40,
345 1906 397 1957 2.
443 1903 529 1961 44,
574 1905 624 1957 5.
671 1903 767 1960 62,
813 1903 864 1956 2.
908 1903 1000 1959 64,
1049 1903 1100 1956 3.
1147 1902 1244 1958 81,
1290 1901 1340 1952 2.
1383 1903 1477 1959 85,
1526 1905 1609 1956 10.
1657 1896 1775 1952 add.
1820 1903 1916 1960 32,
1961 1896 2011 1968 l)
2037 1890 2101 1970 1),
2154 1898 2209 1954 id
2250 1899 2394 1972 quod
2438 1915 2503 1954 co

218 2001 391 2075 magis
433 2000 744 2061 tenendum,
792 1999 917 2072 quia
960 1997 1298 2055 consuetudo
1342 1997 1709 2054 Romanorum
1754 1999 1833 2055 sic
1874 1997 2134 2073 postulat.
2212 2000 2281 2054 At
2319 2006 2504 2055 utrum

220 2102 493 2176 glossema
532 2101 650 2157 est?
738 2099 914 2157 Facile
959 2099 1203 2172 intellegi
1257 2106 1394 2173 puto
1438 2102 1707 2156 sudorem
1762 2101 1827 2157 ad
1860 2102 2159 2173 pulverem
2204 2099 2505 2175 explicandi

219 2184 410 2260 caussa
450 2201 783 2277 adscriptum
830 2218 967 2258 esse.
1056 2199 1224 2268 Quem
1263 2201 1329 2257 ad
1367 2201 1589 2258 modum
1628 2202 1733 2259 hoc
1772 2202 1895 2260 loco
1934 2201 2259 2258 auctoritate
2306 2201 2362 2262 §B
2408 2200 2505 2258 ali-

221 2304 347 2378 quid
391 2303 533 2361 male
577 2304 844 2360 adiectum
903 2321 1024 2360 esse
1068 2303 1386 2365 statuimus,
1441 2303 1520 2360 sic
1573 2321 1671 2360 cur
1714 2321 1781 2361 ex
1828 2305 2019 2360 eodem
2072 2303 2213 2360 infra
2248 2305 2506 2360 omnibus

221 2415 342 2463 ante
373 2407 614 2480 flayitiis
639 2405 1004 2480 receperimus
1041 2421 1228 2460 omnes
1266 2412 1654 2479 perspecturus
1682 2405 1911 2462 confido.
1990 2405 2157 2474 Quem
2190 2381 2254 2463 a⁴d
2286 2406 2503 2463 modum

220 2516 400 2566 autem
441 2525 607 2582 supra
653 2512 884 2582 propter
936 2505 1088 2578 leges
1129 2506 1396 2562 sermonis
1439 2506 1596 2562 latini
1640 2510 1909 2565 sudorem
1946 2507 2255 2565 eiciundum
2298 2509 2502 2572 censui,

220 2611 298 2667 sic
349 2610 566 2666 eaedem
608 2625 693 2665 me
739 2615 1085 2682 permovent,
1135 2614 1199 2663 ut
1245 2613 1313 2667 45
1367 2608 1516 2664 Nam
1561 2623 1711 2680 quae
1754 2611 1833 2666 ad
1881 2611 1988 2666 hoc
2030 2616 2254 2682 tempus
2293 2610 2505 2683 Iuyur-

219 2713 374 2768 tham
447 2715 633 2767 tutata
679 2717 845 2779 sunt,
902 2711 1092 2766 omnia
1147 2711 1494 2778 removistis,
1558 2714 1893 2782 avaritiam,
1950 2715 2281 2789 inperitiam
2334 2719 2505 2786 atque

218 2814 553 2886 superbiam
575 2829 696 2868 cum
726 2809 882 2868 libris
912 2811 1310 2868 recentioribus
1339 2811 1500 2886 primi
1526 2813 1744 2886 generis
1778 2820 1950 2886 atque
1980 2822 2173 2872 contra
2196 2823 2505 2872 ceterorum

217 2931 548 2973 consensum
589 2915 972 2970 removendum
1014 2913 1270 2969 arbitrer.
1358 2912 1546 2988 Neque
1590 2915 1733 2971 enim
1777 2925 1925 2972 recte
1962 2915 2163 2972 dixeris
2194 2917 2505 2992 posteriora

218 3018 324 3075 duo
367 3017 428 3072 in
473 3033 640 3072 unum
683 3016 971 3071 coniuncta
1017 3015 1196 3090 primo
1249 3005 1581 3083 ἄσυνδέτως
1631 3016 1851 3090 adiungi
1902 3015 2035 3089 (vid.
2084 3035 2220 3091 quae
2266 3017 2395 3075 olim
2440 3019 2505 3075 ad

218 3119 329 3193 lug.
376 3135 432 3192 p.
487 3123 586 3176 120
627 3115 950 3191 disputavi),
1007 3133 1184 3190 neque
1233 3117 1451 3173 tertium
1506 3135 1637 3192 prae
1680 3118 1877 3174 ceteris
1928 3099 2504 3176 oefemndum“fuissc

219 3220 322 3295 (=
361 3227 420 3276 et
457 3220 610 3282 adeo,
651 3225 706 3274 et
747 3217 949 3291 etiam).
1027 3198 1198 3275 Paulo
1241 3225 1370 3292 post
1407 3219 1461 3292 S.
1499 3225 1568 3280 47
1611 3236 1733 3276 cum
1781 3219 2153 3276 vetustissumi
2196 3229 2253 3276 et
2294 3221 2503 3294 optumi

218 3323 342 3380 libri
389 3320 681 3379 exhibeant
723 3321 982 3392 Egomet·
1016 3322 1074 3375 in
1128 3321 1354 3391 proelio
1407 3326 1509 3376 aul
1561 3322 1623 3376 in
1668 3323 1893 3393 aymine
1933 3322 2226 3378 consultor
2267 3323 2413 3378 idem
2450 3328 2507 3379 et

217 3428 408 3482 socius
435 3451 524 3464 ——·
553 3422 832 3479 vobiscum
864 3424 1060 3490 adero,
1106 3421 1304 3477 iniuria
1333 3429 1437 3478 aut
1471 3422 1540 3477 ab
1582 3423 1883 3479 editoribus
1913 3431 2133 3498 praeter
2164 3423 2505 3482 Gerlachium

217 3545 317 3601 pro
357 3526 724 3581 additamento
781 3522 992 3579 librarii
1046 3523 1290 3579 habitum
1347 3529 1458 3586 est,
1519 3539 1699 3598 neque
1748 3542 1851 3599 ego
1908 3525 2025 3599 ipse
2080 3533 2227 3582 recte
2280 3526 2347 3582 de
2402 3526 2506 3582 hoc

219 3627 342 3685 loco
389 3627 522 3683 olim
570 3625 837 3696 iudicavi..
897 3624 1028 3681 Nam
1075 3642 1196 3681 cum
1243 3623 1442 3699 duplex
1485 3625 1559 3681 sit
1598 3643 1772 3699 genus
1811 3626 2210 3701 periculorum,
2267 3645 2405 3701 quae
2450 3628 2506 3682 in

217 3728 446 3804 proeliis
502 3715 749 3783 adcidant
804 3735 862 3783 et
926 3743 1062 3801 quae
1128 3725 1183 3781 in
1253 3726 1571 3790 itineribuS,
1649 3743 1749 3784 nec
1802 3746 1925 3785 cum
1988 3729 2203 3802 agmine
2250 3729 2507 3786 incedunt

219 3830 421 3887 milites
478 3828 694 3904 proelio
751 3827 914 3885 simul
959 3829 1266 3890 decertant,
1325 3835 1473 3886 recte
1519 3829 1621 3886 hae
1682 3832 1939 3887 notiones
1987 3847 2088 3904 per
2148 3837 2248 3886 aut
2299 3830 2506 3886 disiun-

287 4012 349 4077 1)
397 4011 633 4062 Scilicet
676 4011 773 4061 ubi
818 4011 926 4061 duo
970 4009 1332 4076 praecedunt,
1389 4010 1534 4076 quod
1554 4011 1885 4076 ubicumque
1906 4011 2037 4062 libri
2066 4012 2219 4062 viam
2236 4016 2505 4082 monstra7

218 4099 356 4148 haut
374 4113 504 4147 raro
541 4101 741 4146 ceteras
779 4100 836 4146 ct
870 4099 998 4146 alius
1032 4111 1132 4161 per
1170 4111 1333 4162 eopu-
1388 4096 1529 4145 bant
1572 4096 1629 4145 id
1666 4097 1916 4159 contexi,
1966 4095 2121 4146 velut
2155 4095 2249 4159 86,
2292 4095 2345 4155 1,
2395 4113 2506 4146 non

218 4179 793 4246 lativampartieulum
807 4179 1334 4246 adiunguntur,Cat.
1388 4196 1586 4231 vereor
1621 4195 1690 4230 ne
1726 4180 1787 4228 in
1810 4181 2112 4246 peritorum
2136 4182 2504 4247 vituperatio-

229 4265 311 4330 10,
349 4267 402 4316 4.
455 4265 546 4329 13,
587 4265 636 4314 2.
677 4263 768 4327 32,
807 4265 858 4314 2.
896 4264 988 4328 52,
1029 4263 1110 4315 36.
1152 4263 1246 4328 39,
1284 4265 1334 4315 2.
1391 4281 1518 4316 nem
1552 4265 1846 4317 incurram.

224 4351 338 4417 Iug.
381 4349 437 4415 1,
478 4349 530 4402 3.
568 4348 628 4414 3,
665 4349 718 4400 2.
755 4347 849 4414 39,
889 4349 936 4401 1.
981 4348 1168 4414 64,1.
1241 4349 1339 4402 Set
