3042 4917
555 258 640 321 46
1241 276 1847 323 οοΝΜΕΝΤΑΤιοΝυΜ
1890 278 2031 322 cnr.
2080 278 2168 323 ιν.

555 451 674 489 sum
719 440 775 489 et
817 429 900 489 vel
944 420 1374 507 superscriptum
1411 432 1495 490 vel
1541 434 1607 490 ad
1650 434 1951 508 marginem
1977 434 2247 491 adiectum
2284 443 2446 497 esset,
2490 433 2559 491 ab
2600 433 2843 491 librariis

555 534 698 592 falso
740 534 864 591 loco
891 534 1118 591 inlatum
1167 552 1286 591 esse
1321 534 2342 611 ideoque‚transponendumsseterum
2380 539 2525 593 levia
2566 539 2681 592 alia
2713 539 2849 593 aliis

554 640 694 695 locis
735 636 959 709 facere.

1556 989 1694 1069 Cap.
1739 988 1830 1049 lv,

1352 1157 1472 1231 De
1527 1157 2037 1257 glossematis.
2098 1154 2107 1167 '

725 1350 965 1406 Arduum
1009 1366 1072 1405 ac
1097 1346 1318 1405 difficile
1363 1348 1657 1423 adgredior
1693 1368 1849 1425 opus,
1895 1352 1960 1407 de
2006 1351 2085 1406 eis
2120 1348 2256 1406 locis
2288 1348 2682 1423 (lisputaturuS‚
2723 1349 2849 1423 qui-

557 1455 658 1510 bus
689 1451 1020 1526 glossemata
1052 1450 1107 1505 in
1146 1433 1368 1506 Sallusti
1408 1451 1572 1507 verba
1614 1452 1780 1515 inlata
1822 1460 1916 1509 aut
1956 1452 2066 1509 visa
2110 1452 2219 1507 sint
2249 1459 2345 1508 aut
2383 1451 2679 1507 videantur.
2753 1449 2851 1505 Et-

558 1555 702 1611 enim
744 1570 865 1609 cum
911 1551 1240 1625 glossemata
1294 1553 1352 1608 in
1395 1559 1601 1609 textum
1656 1553 1827 1610 multa
1883 1554 2051 1610 inlata
2100 1572 2220 1611 esse
2271 1552 2377 1628 ipsi
2424 1552 2551 1608 libri
2604 1553 2849 1627 prodant

535 1655 678 1729 .(cfr.
721 1672 829 1710 var.
875 1672 979 1711 scr.
1026 1654 1091 1710 ad
1133 1654 1246 1709 Cat.
1285 1660 1369 1716 20,
1411 1653 1481 1727 5),
1526 1654 1648 1711 aliis
1700 1653 1836 1712 locis
1882 1656 2356 1729 grammaticorum
2400 1663 2641 1712 veterum
2688 1653 2849 1710 testi-

557 1758 746 1814 monia
785 1757 1072 1813 ostendant
1121 1753 1239 1827 (cfr.
1277 1755 1388 1811 Cat.
1435 1762 1518 1818 49,
1557 1755 1625 1829 1),
1672 1774 1900 1831 cumque
1944 1758 2158 1815 codices
2196 1774 2367 1832 paene
2416 1774 2606 1813 omnes
2644 1755 2849 1812 multas

557 1858 773 1933 glossas
829 1856 1155 1931 marginales
1212 1863 1268 1913 et
1323 1857 1701 1914 interlineares
1760 1859 2103 1923 contineant,
2151 1858 2308 1916 facile
2360 1858 2557 1932 aliquis
2610 1858 2664 1914 in
2722 1875 2848 1914 eam

559 1962 872 2037 opinionem
917 1938 1110 2015 adduci
1142 1965 1356 2033 potest,
1411 1967 1472 2014 ut
1516 1960 1727 2023 omnia,
1785 1960 1981 2034 quibus
2038 1960 2223 2045 aliquo
2277 1962 2438 2017 modo
2484 1960 2627 2016 salva
2672 1968 2845 2034 atque

477 2079 482 2083 ·
558 2064 772 2137 integra
813 2061 1082 2119 sententia
1123 2061 1297 2118 careri
1339 2078 1502 2135 posse
1548 2062 1822 2126 videatur,
1870 2062 2118 2118 eiciunda
2163 2070 2411 2126 censeat;
2458 2070 2541 2118 set
2584 2061 2641 2117 in
2674 2078 2737 2116 ea
2780 2078 2847 2116 re

555 2183 750 2239 magna
773 2164 954 2221 cautio
979 2162 1279 2231 adhibenda
1302 2170 1403 2226 est,
1443 2178 1510 2219 ne
1541 2180 1605 2219 ex
1627 2164 1994 2237 praeiudicata
2017 2164 2083 2220 de
2116 2162 2402 2238 scriptoris
2427 2163 2691 2219 brevitate
2718 2163 2842 2235 opi·-

554 2268 716 2323 nione
740 2266 924 2340 potius
949 2282 1108 2338 quam
1125 2281 1190 2320 ex
1211 2264 1326 2321 eius
1352 2280 1476 2319 vera
1499 2263 1681 2322 indole
1706 2282 1767 2321 ac
1796 2282 1946 2322 more
1968 2264 2205 2321 iudicare
2230 2254 2518 2329 videamur.
2567 2263 2737 2331 Quam
2768 2264 2841 2319 ob

555 2386 799 2426 caussam
841 2366 1055 2425 codices
1093 2365 1388 2438 diligenter
1429 2367 1783 2439 perquirendi
1832 2376 1975 2423 sunt.
2048 2366 2178 2422 Cum
2213 2350 2396 2422 au⁰tem
2428 2365 2549 2422 aliis
2579 2366 2636 2421 in
2674 2365 2839 2422 rebus

557 2470 974 2527 vetustissumos
1015 2467 1188 2523 libros
1232 2483 1532 2523 maxumam
1576 2467 1732 2524 fidem
1778 2486 1989 2526 merere
2032 2468 2316 2542 adpareat,
2372 2468 2423 2524 ei
2480 2466 2557 2523 ibi
2616 2484 2839 2541 quoque

557 2570 820 2645 sequendi
850 2575 1027 2632 erunt,
1057 2568 1150 2625 uhi
1183 2567 1329 2642 quod
1359 2568 1692 2625 recentiores
1725 2571 1997 2634 exhibent,
2030 2588 2142 2627 non
2172 2571 2329 2645 peius
2359 2586 2478 2625 esse
2517 2570 2842 2625 inveniatur.

725 2671 882 2729 Nulla
921 2677 1100 2727 autem
1138 2686 1240 2726 vox
1270 2670 1440 2743 magis
1475 2671 1905 2728 dubitationibus
1938 2672 2168 2729 obnoxia
2213 2680 2269 2729 et
2314 2672 2417 2728 fuit
2454 2679 2509 2727 et
2540 2679 2643 2734 est,
2678 2688 2839 2745 quam

560 2774 780 2829 verbum
827 2788 968 2829 esse.
1059 2771 1224 2839 Quam
1281 2771 1346 2827 ab
1392 2771 1652 2829 Sallustio
1710 2774 1925 2849 saepius
1976 2790 2139 2849 quam
2192 2774 2259 2839 ab
2314 2772 2435 2829 aliis
2476 2773 2843 2847 scriptoribus

560 2874 812 2931 omissam
857 2891 975 2930 esse
1019 2890 1141 2929 cum
1181 2882 1477 2937 constaret,
1520 2875 1676 2932 multi
1718 2884 2015 2950 praeeunte
2059 2876 2245 2933 Cortio
2289 2892 2459 2949 paene
2503 2874 2709 2949 ubique
2753 2860 2857 2930 ex:

556 2975 868 3050 pellundam
911 2993 1191 3032 censuere.
1274 2979 1351 3032 Ac
1395 2994 1522 3033 sane
1564 2978 1620 3031 in
1659 2975 1815 3033 libris
1856 2977 2041 3034 inultis
2086 2978 2417 3052 saepissume
2468 2976 2843 3051 superscripta

557 3067 659 3141 e'st,
706 3086 761 3134 et
809 3078 1157 3134 inveniuntur
1200 3077 1322 3140 loci,
1368 3077 1461 3134 ubi
1505 3078 1562 3133 in
1607 3078 1940 3135 recentiores
1986 3078 2157 3135 libros
2203 3097 2273 3151 ex·
2316 3078 2645 3153 glossemate
2694 3078 2847 3134 inre·

555 3180 730 3254 psisse
769 3180 892 3236 inde
939 3180 1225 3255 adpareat,
1284 3180 1431 3255 quod
1483 3180 1540 3235 in
1595 3181 1893 3237 vetustiore
1949 3182 2319 3255 superscripta
2362 3187 2447 3236 est
2489 3187 2545 3235 et
2588 3178 2745 3237 locus
2786 3180 2843 3234 in

555 3282 675 3339 aliis
719 3282 890 3347 alius;
935 3282 1034 3338 cfr.
1079 3282 1189 3339 Cat.
1239 3290 1318 3345 19,
1365 3288 1414 3342 6.
1461 3289 1546 3344 39,
1602 3292 1645 3341 1.
1701 3283 1813 3355 lug.
1862 3289 1945 3345 25,
1990 3290 2038 3341 2.
2083 3290 2167 3345 27,
2210 3292 2258 3344 3.
2302 3276 2483 3345 28,’6.
2528 3287 2614 3345 84,
2656 3288 2706 3341 4.
2754 3289 2841 3344 92,

559 3390 608 3443 6.
645 3390 739 3446 96.
783 3390 832 3441 4.
888 3392 1016 3445 100,
1062 3393 1112 3443 5.
1159 3392 1291 3445 101,
1338 3390 1387 3443 3.
1426 3389 1558 3446 102,
1603 3390 1651 3444 6.
1738 3386 1807 3438 At
1862 3391 2040 3440 tamen
2098 3384 2152 3439 in
2196 3402 2257 3440 ea
2306 3402 2365 3440 re
2406 3400 2612 3439 summa
2656 3384 2841 3439 cautio

557 3484 854 3540 adhibenda
898 3492 998 3539 est.
1079 3484 1210 3540 Cum
1255 3482 1397 3538 enim
1446 3483 1538 3556 qui
1581 3484 1752 3540 libros
1797 3484 1921 3540 Sall.
1964 3486 2181 3542 adtente
2228 3502 2289 3542 ac
2325 3485 2618 3559 diligenter
2662 3484 2843 3560 perle-

557 3585 718 3658 gerit,
762 3584 858 3639 bas
903 3583 1054 3657 leges
1106 3585 1172 3642 ab
1216 3602 1282 3641 eo
1323 3584 1636 3642 observatas
1682 3604 1801 3643 esse
1853 3587 2103 3651 inveniat,
2148 3594 2210 3643 ut
2255 3586 2504 3661 copulam
2544 3586 2843 3651 omitteret,

555 3668 649 3742 ulii
675 3686 913 3742 narratio
949 3686 1030 3744 vel
1061 3686 1356 3761 descriptio
1383 3689 1537 3763 quasi
1578 3705 1775 3761 magno
1809 3707 1931 3745 cum
1961 3690 2149 3762 vigore
2182 3688 2496 3745 decurreret
2532 3718 2605 3729 --
2649 3707 2755 3763 qua
2782 3706 2846 3743 re

557 3789 608 3844 ei
651 3788 862 3845 dicendi
905 3789 1093 3861 generi
1128 3788 1320 3847 similis
1345 3776 1497 3846 ‘usus
1529 3799 1613 3846 est
1646 3790 1911 3854 infinitivi,
1960 3807 2119 3864 quem
2147 3788 2469 3847 historicum
2502 3790 2843 3863 grammatici

554 3889 890 3964 adpellavere
935 3921 1008 3931 —
1055 3892 1186 3949 item
1213 3892 1321 3948 ‘ubi
1350 3891 1553 3965 aliquid
1592 3909 1714 3949 cum
1757 3894 2020 3966 gravitate
2059 3892 2349 3949 dicundum
2382 3899 2527 3948 esset
2566 3890 2686 3963 (cfr.
2725 3890 2842 3965 lug.

555 4000 640 4055 85,
687 3999 786 4050 22:
833 4001 1047 4065 quanto
1090 3996 1204 4050 vita
1247 3996 1474 4051 illorum
1503 3997 1894 4066 praeclarior,
1942 4002 2099 4051 tanto
2132 3994 2354 4051 horum·
2376 3994 2644 4049 socordia
2671 3994 2843 4065 βαρί-

556 4096 783 4156 tiosior,·
841 4096 1172 4169 saepissume
1226 4096 1279 4152 id
1325 4096 1380 4152 in
1423 4096 1682 4153 clausulis
1730 4096 1847 4153 fieri
1892 4096 2048 4153 facile
2102 4094 2427 4169 intelleges),
2473 4094 2709 4171 denique
2746 4093 2844 4149 ubi

554 4214 654 4271 per
697 4196 1007 4271 obpositum
1051 4198 1301 4261 verbum,
1349 4216 1458 4271 quo
1496 4199 1660 4255 modo
1702 4199 2028 4273 praecedens
2065 4197 2440 4272 accipiundum
2484 4203 2657 4258 esset,
2716 4212 2842 4270 per-

557 4299 802 4373 spicuum
847 4298 1034 4361 fieret,-
1057 4298 1219 4355 simul
1259 4300 1495 4373 gravitas
1540 4299 1904 4374 obpositionis
1936 4300 2185 4374 adposita
2214 4298 2410 4374 copula
2440 4298 2844 4375 §minueretur

3032 2230 3034 2333 l

3032 2342 3035 2428 l
