3042 4917
917 321 1533 372 conuner'rtonun
1577 321 1719 370 0221».
1752 325 1840 372 iv.
2444 307 2525 378 61

231 481 340 540 bus
382 479 508 539 data
555 491 689 546 erat,
731 491 791 540 ut
836 484 942 540 iam
970 501 1080 540 non
1112 491 1258 539 esset
1285 485 1500 540 civitas
1534 485 1694 540 urbis
1723 483 1940 540 Romae
1982 489 2069 539 set
2103 485 2305 540 civitas
2330 487 2535 556 populi

231 588 501 652 romani,
560 585 667 642 Cic.
727 587 794 642 de
833 586 972 658 Leg„
1005 585 1047 640 Π
1084 591 1144 647 2,
1187 595 1236 645 5.
1337 586 1413 640 Ac
1469 602 1793 658 quamquam
1848 585 2035 642 eodem
2090 585 2349 642 Cicerone
2398 586 2434 642 l.
2480 605 2527 644 c.

229 697 464 744 auctore
510 687 602 761 qui
649 689 703 744 in
743 686 1052 761 municipiis
1099 686 1213 742 nati
1249 695 1420 748 erant,
1463 695 1593 742 ortu
1622 686 1921 763 municipes
1962 694 2133 748 erant,
2176 686 2393 743 civitate
2422 689 2529 745 Ro·

229 790 413 851 mani,
477 789 751 846 habebant
793 789 1017 846 alteram
1055 788 1162 846 loci
1217 788 1466 862 patriam,
1519 787 1745 844 alteram
1794 788 1931 847 iuris
1976 789 2009 842 i.
2054 805 2099 844 e.
2144 788 2368 844 Romam
2422 807 2527 863 qua

229 891 450 965 excepti
495 899 668 953 erant,
718 907 748 946 a
784 909 890 964 qua
925 890 1180 947 univorsa
1206 906 1296 946 res
1325 888 1543 963 publica
1574 907 1771 946 nomen
1807 889 2053 952 habehat,
2094 896 2275 946 tamen
2298 891 2525 948 Romani

231 1001 411 1054 erant,
458 1009 570 1049 non
614 991 768 1048 urhis
812 993 1030 1050 Romae.
1122 992 1256 1047 Tum
1310 990 1613 1064 inquilinus
1667 991 1797 1047 civis
1839 992 2114 1048 Romanus
2156 1000 2305 1048 recte
2344 993 2391 1048 is
2436 993 2526 1049 ad·

229 1093 493 1168 pellatur,
541 1094 634 1168 qui
676 1111 798 1149 cum
840 1094 1063 1149 Romam
1105 1093 1358 1156 venisset,
1403 1093 1678 1167 particeps
1726 1093 1901 1149 factus
1940 1101 2027 1148 est
2069 1093 2307 1148 civitatis
2348 1111 2527 1150 roma-

231 1213 364 1258 nae,
413 1213 525 1269 quo
581 1195 700 1250 iure
745 1190 1167 1268 'municipiorum
1213 1212 1387 1268 genus
1429 1193 1690 1250 utebatur
1724 1192 1893 1266 (Paul.
1939 1193 2077 1250 Diae.
2122 1213 2175 1269 p.
2225 1204 2339 1254 105.
2390 1196 2525 1252 Gell.

228 1297 292 1352 N.
334 1298 396 1351 A.
445 1297 557 1352 XVI
604 1304 695 1358 13,
739 1303 773 1356 6
816 1303 874 1351 et
917 1294 971 1368 7)
1013 1326 1086 1337 —
1134 1296 1218 1352 vel
1262 1295 1357 1370 qui
1403 1294 1731 1370 inquilinatu
1778 1293 1937 1366 (utar
1981 1295 2084 1352 hoc
2130 1296 2389 1353 vocabulo
2434 1299 2525 1354 de-

228 1399 392 1454 cemli
437 1396 652 1471 caussa)
689 1397 820 1454 civis
873 1413 1130 1454 romanus
1179 1398 1354 1454 factus
1398 1389 1499 1453 est.
1586 1396 1673 1453 Sic
1717 1399 1863 1454 recte
1908 1397 2217 1454 Ciceronem
2262 1399 2367 1454 (lici
2412 1416 2525 1455 non

228 1499 490 1573 potuisse
543 1506 754 1554 certum
797 1506 898 1561 est,
945 1508 999 1554 at
1047 1499 1388 1555 tribuendum
1431 1498 1484 1554 id
1530 1479 1745 1553 videtur
1784 1497 2042 1554 Catilinae
2086 1499 2355 1562 audaciae,
2400 1518 2521 1556 cum

229 1609 432 1675 postea
479 1601 537 1655 L.
585 1600 812 1656 Manlius
855 1600 1164 1676 Torquatus
1209 1600 1370 1656 simili
1405 1599 1650 1656 convicio
1682 1599 1833 1656 illum
1867 1602 2219 1674 peregrinum
2250 1601 2523 1676 adpellare

229 1722 404 1780 ausus
452 1703 524 1758 sit
570 1701 694 1774 (Cic.
726 1721 810 1776 pr.
855 1701 990 1758 Sull.
1037 1708 1099 1764 7,
1147 1709 1214 1760 22
1255 1710 1316 1759 et
1357 1700 1463 1774 23).
1550 1701 1837 1757 Postremo
1894 1702 2023 1774 quid
2071 1703 2341 1760 rescrebat
2384 1703 2524 1760 Cati-

233 1805 381 1860 linae
424 1804 659 1860 civitatis
707 1804 1023 1865 admonere,
1084 1820 1206 1860 cum
1245 1820 1310 1859 ex
1355 1804 1500 1860 omni
1538 1820 1679 1858 nexu
1722 1802 1878 1859 facile
1925 1805 2181 1879 adpareat
2222 1822 2346 1860 eum
2388 1805 2523 1862 nihil

230 1905 384 1962 aliud
419 1905 634 1962 consuli
681 1905 980 1981 obprobrio
1009 1905 1138 1960 dare
1179 1903 1452 1967 voluisse,
1511 1904 1617 1960 nisi
1672 1905 1893 1961 Romam
1949 1905 2138 1962 urbem
2184 1906 2232 1966 ei
2290 1907 2521 1980 patriam

131 2059 140 2068 .
232 2025 349 2063 nou
392 2025 530 2069 esse,
578 2009 722 2083 quod
772 2015 919 2063 recte
962 2006 1228 2062 intellexit
1269 2005 1546 2080 Appianus
1592 2005 1644 2060 b.
1676 2005 1863 2064 c.112
1891 2024 1944 2079 p.
1982 2015 2085 2068 536
2106 2008 2269 2064 Bekk.
2336 2008 2517 2064 Κατι-

233 2106 406 2178 λίνας
458 2093 516 2162 δ’
569 2095 752 2165 αὐτὸν
793 2101 854 2177 ἐς
893 2095 1076 2183 ὕβριν
1118 2105 1238 2162 τῶν
1286 2101 1577 2181 ἑλομένων
1630 2099 2032 2183 ἐπέσκωπτεν,
2080 2101 2139 2177 ἐς
2175 2103 2284 2182 μὲν
2326 2095 2520 2184 ἄγνω-

229 2207 370 2266 σίαν
409 2204 621 2286 γένους
663 2197 872 2266 καινὸν
913 2198 1222 2282 ὀνομάζων
1264 2238 1462 2250 --—
1505 2201 1577 2277 ἐς
1622 2203 1698 2265 δὲ
1752 2205 2016 2278 ξενίαν
2062 2207 2189 2283 τῆς
2239 2201 2519 2282 πόλεως

228 2309 605 2388 ἰγκουϊλῖνον
652 2293 703 2392 ᾦ
731 2301 949 2385 ῥήματι
981 2308 1228 2366 καλοῦσι
1251 2299 1387 2379 τούς
1420 2303 1802 2379 ἐνοικοῦντας
1836 2304 1901 2366 ἐν
1934 2299 2267 2387 ἀλλοτρίαις
2284 2309 2518 2383 οἰκίαις.

229 2415 421 2490 Neque
467 2431 791 2490 quemquam
849 2414 1141 2488 quidquam
1191 2401 1623 2468 desideraturum
1680 2430 1799 2471 esse
1852 2431 2171 2487 persuasum
2222 2414 2421 2480 habeo,
2470 2417 2516 2474 si

229 2521 376 2574 civis
404 2516 637 2579 abesset,
669 2515 798 2589 quid
835 2515 980 2589 quod
1009 2532 1076 2570 eo
1108 2521 1322 2571 remoto
1349 2531 1538 2570 omnes
1571 2514 1919 2572 difficultates
1944 2515 2232 2573 tolluntur.
2290 2516 2446 2584 Quod
2470 2520 2515 2575 si

229 2619 358 2693 quis
405 2617 734 2692 quaesiverit
785 2617 926 2672 unde
982 2616 1116 2674 illud
1160 2616 1215 2671 in
1263 2623 1464 2672 textum
1514 2616 1741 2673 inlatum
1796 2618 1901 2679 sit,
1962 2619 2268 2676 meminerit
2318 2620 2539 2692 multas·

225 2737 342 2776 non
388 2719 602 2792 glossas
635 2726 719 2775 set
765 2717 1072 2792 glossarum
1116 2717 1378 2791 reliquias
1413 2719 1478 2774 ab
1517 2718 1757 2776 librariis
1794 2727 2041 2793 receptas
2070 2739 2206 2785 esse,
2255 2730 2311 2778 et
2360 2723 2515 2780 facile

225 2823 346 2878 fleri
394 2820 670 2896 potuisse,
717 2829 779 2876 ut
817 2837 938 2876 cum
983 2837 1148 2893 super
1197 2821 1514 2890 inquilinus
1556 2821 1820 2894 scriptum
1853 2825 2205 2894 per-cyrinus
2247 2827 2389 2882 civis
2439 2826 2516 2882 id-

173 2941 180 2947 ·
227 2941 336 2998 que
380 2921 521 2978 male
569 2929 847 2996 receptum
885 2929 1062 2984 esset,
1111 2923 1463 2993 pereqrinus
1503 2922 1783 2978 deleretur
1816 2923 2000 2996 itaque
2034 2926 2347 2996 inquilinus
2374 2926 2517 2984 civis

223 3031 552 3083 remaneret.

397 3127 512 3182 Cat.
553 3131 639 3189 32,
687 3134 712 3185 1
757 3126 936 3181 multa
979 3141 1101 3181 cum
1137 3125 1324 3181 Cortio
1362 3119 1549 3182 delevi.
1636 3113 1825 3199 Neque
1850 3126 1991 3182 enim
2023 3127 2376 3202 intellegitur,
2416 3148 2514 3188 cur

225 3231 442 3287 tandem
497 3227 726 3284 Catilina
781 3226 952 3284 multa
1015 3227 1229 3300 potius,
1303 3245 1460 3301 quam
1519 3227 1698 3284 omnia
1762 3245 1899 3300 quae
1964 3228 2107 3286 hello
2160 3231 2283 3288 usui
2332 3233 2515 3290 forent

224 3341 350 3389 ante
393 3347 590 3404 capere
635 3329 888 3392 voluerit,
933 3337 987 3385 et
1031 3329 1279 3403 spurium
1309 3347 1430 3388 esse
1465 3331 1765 3404 scripturae
1791 3330 2037 3394 varietas,
2080 3349 2217 3407 quae
2261 3333 2315 3390 in
2356 3333 2512 3392 libris

221 3426 326 3480 est,
374 3414 631 3474 ostendit.

395 3513 662 3585 Quoniam
706 3517 868 3574 verba
924 3515 1136 3572 dicendi
1195 3523 1252 3571 et
1309 3515 1662 3588 intellegendi
1720 3535 1882 3593 saepe
1940 3518 2007 3575 ab
2070 3519 2329 3578 Sallustio
2384 3535 2511 3582 ante

222 3619 586 3678 accusativum
661 3635 783 3676 cum
851 3617 1116 3674 infinitivo
1186 3618 1541 3681 omittuntur,
1608 3617 1699 3674 ubi
1762 3636 1829 3674 ex
1892 3622 2339 3695 praecedentibus
2414 3626 2511 3683 ali-

225 3742 336 3798 quo
390 3721 556 3779 modo
611 3720 856 3795 subpleri
911 3727 1162 3794 possunt,
1213 3719 1492 3776 nonnullis
1551 3720 1702 3786 locis,
1747 3721 1843 3777 ubi
1898 3722 1966 3778 ab
2012 3741 2075 3780 ea
2116 3729 2511 3784 consuetudine

221 3825 552 3885 discessum,
608 3821 954 3896 glossematis
1009 3821 1311 3878 orationem
1367 3821 1607 3878 vitiatam
1656 3839 1777 3880 esse
1839 3823 1937 3880 viri
1992 3826 2141 3882 docti
2182 3836 2508 3887 statuerunt.

223 3928 282 3982 ln
327 3941 436 4001 qua
481 3941 541 3981 re
585 3924 880 3998 diligenter
920 3924 1211 3980 cavendum
1255 3931 1364 3986 est,
1411 3939 1480 3979 ne
1530 3924 1676 3996 quod
1714 3941 1875 3998 saepe
1920 3927 2137 3992 factum,
2182 3929 2234 3984 id
2276 3931 2509 4005 scripto-

225 4045 338 4084 rem
395 4027 560 4083 aliter
615 4025 793 4082 facere
835 4043 946 4083 nou
994 4026 1242 4099 potuisse
1295 4032 1599 4082 statuamus
1656 4026 1839 4100 itaque
1896 4027 2071 4100 qualis
2122 4029 2241 4092 eius
2297 4031 2506 4088 indoles

225 4129 391 4188 fuerit
427 4129 694 4202 fingamus
747 4127 934 4210 potius
989 4145 1149 4200 quam
1200 4145 1264 4183 ex
1314 4127 1392 4182 eis
1438 4144 1576 4200 quae
1617 4128 1811 4183 tradita
1868 4137 1996 4185 sunt
2039 4129 2347 4205 perspicere
2392 4141 2508 4189 stu·

223 4232 462 4288 deamuS.
539 4229 651 4286 Cat.
695 4237 780 4291 46,
826 4236 860 4287 2
906 4236 966 4285 at
1003 4231 1162 4286 illum
1206 4231 1407 4302 ἔπρεπε
1451 4247 1601 4286 cura
1644 4235 1815 4301 atque
1870 4233 2087 4288 laetitia
2129 4235 2300 4289 simul
2340 4252 2507 4292 occu·

213 4348 474 4406 pavere,-
511 4349 646 4388 nam
684 4331 1014 4400 laetabatur
1057 4334 1388 4404 intelleyens
1428 4333 1825 4390 coniuratione
1877 4331 2180 4406 patefacta
2224 4339 2507 4396 civitatem
