3042 4917
543 317 661 380 122
1233 335 1847 380 cosmus-ramosum
1888 337 2029 378 GAP.
2078 337 2140 378 v.

536 492 704 550 falsae
748 492 1021 568 ‘opinionis
1069 491 1154 548 vel
1199 491 1400 568 speciei
1453 491 1779 565 significatio
1836 492 2006 548 adest.
2094 492 2193 550 Diu
2240 497 2525 568 o'ptumum
2572 495 2704 551 mihi
2755 495 2837 550 vi·
2926 519 2950 534 κ

537 615 656 654 sum
715 603 801 652 est
848 595 1088 653 scrihere
1142 598 1294 652 velut
1337 597 1393 651 si
1442 595 1632 652 hostes
1693 598 2101 667 adventarent,
2168 597 2315 670 quod
2379 596 2442 651 ad
2502 598 2835 654 sententiam

537 699 894 773 aptissumum
937 715 1056 754 esse
1101 716 1260 754 nemo
1306 696 1463 754 facile
1507 697 1745 770 negabit.
1836 696 1929 753 Set
1960 715 2082 753 cum
2114 699 2265 754 velut
2307 698 2579 754 interdum
2622 700 2835 756 dictum

538 801 634 864 sit,
678 800 770 856 uhi
816 802 968 857 velut
1008 802 1062 854 si
1101 806 1446 874 exspectatur
1502 797 1641 872 (Liv.
1690 799 1872 855 XXXV
1917 804 1985 858 14
2023 798 2141 856 init.
2184 805 2441 855 secutum
2485 806 2681 866 tamen
2717 817 2834 858 sua

535 908 736 974 sponte
780 909 883 970 est,
925 902 1075 958 velut
1115 902 1350 957 consilio
1384 903 1630 972 petitum
1678 907 1853 969 esset,
1899 905 1965 956 ut
2008 902 2171 956 vilior
2214 902 2279 956 ob
2322 917 2392 958 ea
2430 904 2557 974 reqi
2598 903 2834 959 Hanni-

535 1006 632 1061 bal
672 1011 727 1060 et
769 1006 1090 1074 suspectior
1144 1005 1224 1059 ad
1263 1005 1451 1059 omnia
1502 1003 1689 1073 fieret.
1777 1001 1883 1057 Cl'r.
1930 1001 2091 1056 Fabri
2135 1002 2201 1058 ad
2244 1002 2354 1059 Liv.
2399 1003 2553 1058 XXIII
2603 1012 2697 1067 18,
2746 1011 2831 1063 14.

537 1107 750 1162 lleerw.
796 1106 861 1162 ad
899 1105 1010 1160 XXI
1047 1113 1108 1168 8,
1158 1104 1228 1178 6),
1275 1104 1488 1162 facilins
1532 1104 1747 1160 videtur
1788 1106 1940 1160 velut
1981 1103 2171 1160 hostes
2216 1107 2627 1174 adventarent,
2680 1107 2833 1180 quod

537 1227 658 1265 cum
704 1208 758 1263 in
804 1207 960 1263 libris
1008 1206 1286 1263 nonnullis
1317 1213 1597 1280 repertum
1630 1213 1749 1263 esse
1780 1213 2051 1268 narretur,
2091 1213 2267 1263 tamen
2309 1224 2412 1282 pro
2452 1207 2835 1265 emendatione

536 1309 724 1386 potius
771 1328 931 1385 quam
975 1326 1076 1383 pro
1128 1308 1399 1384 scriptura
1443 1325 1507 1363 ex
1546 1307 1844 1382 archetypo
1889 1315 2195 1382 propagata
2236 1308 2539 1365 habendum
2585 1317 2687 1366 est.

705 1410 930 1468 Multum
971 1409 1134 1467 torsit
1178 1411 1324 1466 viros
1369 1409 1563 1466 doctos
1600 1410 1743 1483 ignis
1788 1407 1881 1464 ille
1927 1409 2178 1474 missilis,
2232 1425 2393 1484 quem
2438 1411 2727 1469 Zamenses
2774 1413 2833 1468 in

536 1515 808 1570 Romanos
858 1514 1194 1569 coniectasse
1235 1510 1360 1567 Sall.
1405 1511 1645 1567 narravit
1687 1511 1801 1584 lug.
1842 1515 1938 1583 57,
1986 1519 2035 1573 5,
2092 1519 2147 1567 et
2204 1529 2331 1568 sane
2380 1512 2447 1568 ab
2490 1512 2646 1569 libris
2694 1515 2832 1571 satis

537 1615 690 1689 larga
723 1616 880 1690 copia
925 1622 980 1671 et
1023 1613 1251 1670 facultas
1311 1611 1565 1686 elegundi
1611 1620 1774 1687 atque
1820 1613 2041 1687 optandi
2090 1613 2400 1687 praebetur.
2488 1615 2597 1671 Nos
2644 1616 2703 1671 in
2750 1623 2832 1671 ta-

539 1717 681 1774 libus
727 1711 941 1792 semper
976 1717 1042 1772 ab
1075 1716 1166 1772 ‘eis
1200 1714 1355 1770 libris
1398 1715 1723 1770 ordiundum
1763 1713 2150 1770 existumamus
2189 1732 2326 1789 quos
2369 1717 2667 1792 archetypo
2702 1736 2833 1792 pro-

536 1838 728 1876 xumos
775 1828 829 1876 et
875 1817 1197 1876 simillumos
1240 1833 1360 1872 esse
1402 1815 1843 1889 cognoverimus;
1889 1834 2079 1872 eorum
2124 1818 2467 1893 scripturam,
2516 1819 2563 1875 si
2602 1819 2831 1894 probari

536 1923 730 1998 possit,
775 1923 977 1996 ubique
1020 1919 1369 1977 retinendam.
1459 1918 1567 1973 Iam
1614 1913 1872 1975 hoeloco
1904 1915 2319 1976 vetustissumos
2352 1919 2525 1977 libros
2556 1919 2613 1976 in
2636 1923 2832 1994 picem

535 2026 816 2096 sulphure
858 2030 912 2080 et
955 2025 1125 2080 taeda
1157 2023 1398 2077 mixtam
1434 2022 1667 2076 ardenti
1704 2020 2015 2076 consentire
2059 2022 2145 2077 vix
2180 2014 2416 2094 'negabis
2452 2020 2529 2094 (in
2558 2022 2598 2078 P
2631 2041 2762 2080 num
2802 2043 2833 2105 a

538 2144 750 2183 erasum
797 2126 869 2182 sit
913 2133 969 2181 et
1011 2126 1264 2201 primitus
1297 2125 1566 2180 ardentia
1593 2122 1777 2184 suerit,
1818 2122 2008 2195 utique
2053 2122 2107 2178 in
2148 2120 2357 2179 incerto
2390 2123 2830 2198 relinquendum,

537 2229 724 2285 tedam
772 2235 952 2284 autem
996 2245 1185 2284 errore
1228 2234 1414 2282 natum
1461 2223 1617 2281 facile
1663 2222 2027 2296 concedetur).
2116 2223 2191 2280 Ex
2234 2224 2313 2280 eis
2358 2224 2529 2298 igitur
2570 2225 2709 2284 Iocis
2739 2248 2832 2287 ve-

540 2337 718 2386 terum
737 2301 1107 2404 ⁸scriptorum,
1156 2346 1294 2404 quos
1337 2324 1690 2384 contulerunt
1728 2325 1945 2399 Lipsius
1987 2324 2221 2383 Poliorc.
2268 2325 2312 2380 V
2352 2333 2387 2385 2
2432 2327 2473 2382 T
2519 2329 2584 2384 111
2627 2349 2679 2404 p.
2724 2338 2835 2393 623

540 2434 620 2489 ed.
679 2432 850 2489 Vesal.
912 2437 1074 2502 1675,
1102 2439 1158 2486 ct
1213 2428 1507 2502 Sellingius
1564 2428 1686 2484 lect.
1745 2446 1798 2502 p.
1854 2433 1937 2490 28,
2006 2427 2210 2502 picem,
2270 2427 2528 2503 sulphur,
2597 2433 2828 2498 taedam,

540 2534 876 2608 asphaltum,
928 2534 1104 2590 oleum
1147 2534 1211 2589 ad
1251 2530 1416 2588 talem
1461 2531 1643 2604 ignem
1686 2528 1949 2586 missilem
2000 2530 2239 2587 adhibita
2296 2548 2417 2588 esse
2462 2540 2695 2596 constat,
2742 2544 2835 2592 set

539 2636 722 2692 nullus
783 2636 907 2693 Ioco
966 2635 1189 2691 Sallusti
1244 2631 1476 2689 similior
1535 2639 1647 2695 est,
1706 2650 1865 2706 quam
1924 2631 2211 2688 Herodian.
2266 2631 2376 2688 VIII
2412 2639 2476 2697 4,
2536 2641 2571 2696 9
2616 2654 2669 2710 p.
2724 2644 2832 2698 195

541 2738 622 2794 ed.
662 2737 824 2794 Bekk.
874 2733 940 2792 οἱ
975 2731 1038 2794 δὲ
1078 2725 1418 2808 Ἀκυλήσιοι
1449 2730 1647 2802 λίθοις
1676 2751 1737 2790 τε
1772 2728 2024 2808 ἔβαλλον
2050 2721 2323 2806 ἄνωθεν,
2364 2728 2465 2790 καὶ
2504 2735 2835 2812 κιρνῶντες

539 2835 692 2919 θείῳ
736 2856 798 2896 τε
839 2833 941 2896 καὶ
971 2829 1252 2916 ἀσφάλτῳ
1279 2833 1490 2894 πίτταν
1532 2825 1737 2892 ἔλαιόν
1766 2853 1859 2908 τε,
1902 2831 2123 2903 κοίλοις
2164 2827 2433 2893 σκεύεσιν
2476 2827 2837 2914 ἐμβαλόντες

500 2927 502 2929 1
539 2927 726 3016 λαβὰς
768 2930 1072 3017 ἐπιμήκεις
1133 2937 1328 3017 ἔχουσι
1382 2932 1485 2996 καὶ
1526 2925 1902 3013 πυρώσαντες
1942 2925 2063 3012 ἅμα
2102 2935 2189 3018 τῷ
2238 2929 2664 3016 προσπελάζειν
2704 2942 2836 3014 τοῖς

540 3039 750 3119 τείχεσι
788 3031 890 3100 τὸν
917 3033 1163 3119 στρατὸν
1192 3029 1762 3111 κατεσκεδάννυσαν,
1808 3033 2191 3113 καταχέοντες
2216 3028 2447 3117 ὄμβρου
2480 3036 2657 3116 δίκην
2686 3030 2835 3118 ὃμο-

539 3137 845 3248 θυμαιὲόν,
878 3148 1018 3204 unde
1052 3147 1186 3204 illud
1230 3153 1441 3203 certum
1477 3151 1577 3206 est,
1623 3143 1678 3199 in
1718 3160 1783 3198 eo
1818 3159 2019 3216 genere
2062 3143 2220 3216 ignis,
2267 3161 2377 3218 quo
2416 3144 2835 3218 obpugnatores
2916 3155 2927 3164 ·

541 3251 607 3306 ab
652 3251 823 3307 muris
869 3257 1308 3310 removerentur,
1368 3246 1545 3321 picem
1589 3244 1788 3306 fuisse,
1846 3261 1952 3318 qua
2010 3243 2237 3301 maxime
2277 3245 2669 3302 contineretur.
2766 3248 2836 3305 Et

541 3353 594 3408 id
638 3361 863 3409 naturae
909 3352 1234 3409 conveniens
1279 3355 1388 3410 est,
1442 3346 1697 3421 quoniam
1755 3345 1847 3420 pix
1886 3345 2089 3402 diffluit
2137 3355 2192 3402 et
2236 3365 2337 3421 per
2381 3355 2565 3420 guttas
2608 3349 2832 3407 decidit.

541 3454 697 3522 Quod
738 3455 784 3510 si
827 3452 1062 3528 Acylesii
1116 3471 1218 3527 pro
1277 3449 1430 3505 taeda
1476 3448 1881 3504 admiscuerunt
1936 3447 2271 3522 asphaltum,
2331 3467 2453 3505 eum
2501 3457 2564 3506 ut
2619 3453 2837 3510 taedam

541 3555 697 3612 facile
741 3555 924 3628 ignem
963 3553 1253 3627 concipere
1297 3551 1578 3625 densoque
1640 3551 1789 3606 sumo
1846 3568 1907 3607 ac
1956 3549 2171 3607 lucente
2215 3551 2426 3608 ssamma
2463 3553 2652 3610 ardere
2700 3573 2836 3612 con—

539 3665 650 3715 stat
696 3657 993 3729 (Naumann
1036 3655 1113 3710 EI.
1159 3655 1209 3710 d.
1253 3653 1438 3708 Miner.
1485 3671 1568 3708 nr.
1598 3659 1702 3714 609
1744 3672 1796 3728 p.
1839 3651 1981 3725 428).
2068 3653 2307 3710 Eundem
2349 3654 2629 3728 sulphuris
2668 3675 2833 3714 usum

540 3777 661 3817 esse
706 3759 753 3815 si
794 3759 991 3816 docere
1036 3756 1210 3818 velim,
1247 3772 1315 3810 ne
1361 3754 1608 3812 diffidere
1647 3753 1944 3812 lectoribus
1983 3755 2119 3810 meis
2157 3756 2356 3819 videar,
2401 3756 2694 3814 verendum
2737 3760 2829 3816 sit.

541 3863 672 3919 Cum
713 3879 848 3935 ergo
889 3861 994 3917 hoc
1037 3865 1280 3922 constet,
1333 3857 1508 3932 picem
1557 3857 1611 3913 id
1650 3857 1844 3921 fuisse,
1895 3874 2004 3931 quo
2061 3856 2207 3930 ignis
2259 3857 2483 3915 missilis
2527 3869 2829 3925 constaret,

539 3966 700 4040 eique
741 3964 972 4040 sulphur
1017 3971 1072 4020 et
1128 3961 1334 4018 taedam
1380 3960 1638 4023 admixta,
1688 3977 1823 4035 quae
1863 3959 2043 4032 ignem
2093 3959 2444 4035 conciperent
2494 3969 2549 4018 et
2600 3961 2831 4027 alerent,

528 4069 721 4142 picem
755 4067 1034 4138 sulphure
1067 4074 1121 4122 et
1151 4067 1320 4121 taeda
1345 4066 1588 4120 mixtam
1621 4069 1769 4119 recte
1806 4061 2067 4135 scriptum
2100 4078 2219 4117 esse
2252 4062 2492 4137 adparet.
2559 4062 2653 4120 Set
2688 4065 2833 4121 diffi-

538 4170 712 4228 cultas
767 4185 974 4226 summa
1028 4169 1085 4223 in
1136 4185 1204 4223 eo
1254 4185 1373 4223 esse
1424 4166 1538 4220 visa
1593 4172 1679 4221 est
1734 4164 1879 4238 quod
1940 4163 2189 4237 sequitur
2230 4166 2474 4220 ardenti.
2562 4164 2695 4221 Nam
2740 4185 2833 4223 ex-

539 4281 792 4349 pectatur
835 4272 980 4347 quod
1028 4270 1093 4326 ad
1130 4286 1359 4325 massam
1400 4284 1614 4325 omnem
1646 4255 1964 4340 'pertineret
1999 4266 2204 4341 potiuS,
2252 4283 2413 4340 quam
2458 4266 2525 4322 ad
2556 4266 2674 4322 eius
2704 4287 2833 4342 par-

542 4385 657 4440 tes,
717 4392 876 4452 quam
931 4373 1002 4430 ob
1048 4388 1293 4430 caussam
1338 4368 1652 4426 Gerlachius
1696 4368 1963 4424 ardentia
2005 4367 2284 4442 probavit,
2342 4367 2477 4426 scite
2538 4369 2700 4433 etiam
2764 4371 2835 4427 ad
