3042 4917
874 296 1479 344 commn'm'montm
1522 297 1666 339 GAP.
1707 298 1806 339 111.
2397 278 2476 339 41
2529 356 2532 361 Ι

196 447 479 531 νᾶμενος,
534 443 787 527 συχνούς
836 469 897 508 τε
948 444 1014 509 ἐκ
1058 423 1741 527 τῶν”συνηγορημοὶτων
1784 444 1924 531 τοῷς
1965 468 2024 507 τε
2061 442 2481 525 οἰκειούμενος,

196 545 339 627 τοὺς
372 551 435 613 δὲ
466 550 775 630 ἐκφοβῶν,
818 538 1071 622 πολλοὺς
1109 539 1245 621 τούς
1286 540 1732 629 διαγγέλλοντοὲς
1760 548 1826 607 οἱ
1855 550 2096 609 τοιαῦτα
2127 548 2349 629 ἔσχεῖ),
2381 572 2482 628 με·

196 656 489 731 ταστῆναι
519 644 557 730 ἡ
602 653 878 734 γερουσία
907 641 1011 711 τὸν
1043 650 1369 711 Κατιλίναν
1400 648 1734 729 ἐψηφίσατο
1775 654 1928 729 (haec
1957 656 2090 718 isne,
2125 655 2218 730 qui
2241 654 2483 712 Sallusti⁴

196 761 402 817 librum
446 760 503 815 in
547 758 817 815 narrando
875 764 1001 813 ante
1046 756 1237 813 oculos
1292 757 1548 820 haberet,
1607 757 1682 813 ita
1737 775 1957 814 narrare
2008 757 2275 831 potuit?).
2374 757 2482 815 Iam

196 865 335 919 haec
368 880 477 936 quo
516 861 635 917 iure
677 876 933 934 quaeram
984 858 1221 915 lectores
1266 858 1537 915 iudicent:
1601 878 1731 915 num
1773 860 2028 935 scriptor,
2079 860 2172 934 qui
2235 877 2372 933 quae
2415 861 2484 917 ab

200 963 465 1020 Sallustio
519 961 817 1035 accepisset
871 959 957 1016 vel
1014 960 1201 1035 potius
1258 960 1618 1035 adripuisset,
1676 962 1756 1017 eis
1811 962 1886 1017 ita
1927 979 2060 1019 usus
2103 963 2203 1025 sit,
2256 970 2318 1017 ut
2373 980 2484 1019 non

203 1066 387 1123 solum
432 1065 578 1120 inter
618 1080 677 1119 se
720 1061 1083 1119 confunderet
1126 1070 1211 1118 set
1254 1063 1417 1119 etiam
1450 1080 1572 1119 cum
1604 1062 1741 1125 aliis,
1789 1080 1924 1138 quae
1966 1062 2181 1121 aliunde
2225 1064 2486 1139 sumpsis-

200 1176 316 1230 set,
376 1182 583 1223 summa
636 1164 879 1221 lubidine
934 1162 1322 1227 conmisceret,
1381 1182 1485 1239 pro
1539 1170 1678 1220 teste
1719 1166 1853 1242 satis
1897 1164 2169 1239 locuplete
2208 1164 2485 1223 habendus

202 1276 323 1331 est,
385 1276 449 1324 ut
492 1268 609 1325 eius
647 1265 749 1322 fide
795 1284 885 1323 res
929 1264 1035 1322 alio
1082 1265 1273 1321 ordine
1318 1265 1385 1321 ab
1421 1264 1517 1323 illo
1570 1266 1866 1339 dispositas
1909 1266 2107 1329 fuisse,
2166 1283 2326 1340 quam
2376 1286 2486 1340 quo

204 1388 396 1427 omnes
449 1368 577 1424 libri
616 1367 887 1431 exhibent,
930 1383 1247 1442 persuasum
1300 1366 1459 1423 nobis
1498 1368 1776 1423 videatur?
1820 1370 2144 1442 praesertim
2189 1386 2312 1425 cum
2355 1376 2480 1425 ante

202 1490 329 1529 eum
376 1471 482 1526 iam
510 1468 647 1525 alios
692 1469 990 1543 scriptores
1031 1468 1139 1525 alio
1184 1468 1401 1530 ordine,
1458 1486 1619 1543 quam
1661 1470 1754 1543 qui
1801 1488 1943 1527 nunc
1986 1462 2128 1544 apud
2172 1469 2487 1527 Sallustium

204 1582 307 1637 est,
359 1590 448 1629 res
491 1588 775 1627 enarrasse
814 1564 1049 1627 con'stet.
1127 1568 1263 1625 Illud
1305 1570 1435 1626 mihi
1474 1572 1608 1626 satis
1652 1573 2053 1629 demonstrasse
2096 1548 2300 1635 videor,
2345 1577 2488 1649 apud

203 1675 549 1751 posteriores
587 1688 769 1729 rernm
825 1672 1123 1745 scriptores
1177 1671 1312 1727 nihil
1364 1672 1592 1728 inveniri
1648 1691 1756 1747 quo
1808 1692 1909 1749 pro
1955 1674 2087 1730 satis
2131 1681 2282 1731 certo
2327 1694 2489 1750 argu-

206 1785 397 1834 mento
442 1775 632 1838 utaris,
677 1781 738 1829 ut
782 1773 954 1830 libros
998 1790 1160 1829 manu
1192 1774 1427 1848 scriptos
1467 1791 1654 1831 omnes
1699 1774 1916 1831 vitiatos
1959 1793 2078 1832 esse
2117 1776 2346 1834 evincas.

383 1876 631 1945 Quamvis
674 1882 853 1931 autem
909 1874 1204 1932 laudandus
1253 1875 1353 1938 sit,
1408 1876 1500 1949 qui
1560 1876 1834 1932 hominem
1894 1876 2231 1950 praeclarum
2283 1881 2489 1937 erroris

209 1978 515 2054 obprobrio
559 1976 793 2033 liberare
838 1960 1068 2039 studeat,
1114 1982 1291 2033 tamen
1337 1994 1405 2033 ne
1451 1976 1663 2033 veritati
1719 1977 2056 2041 obficiamus,
2103 1979 2358 2053 quoniam
2403 1998 2488 2037 er—

208 2098 335 2137 rare
374 2081 671 2136 humanum
713 2087 827 2141 est,
884 2096 1013 2135 num
1058 2077 1150 2133 ille
1204 2094 1389 2135 errare
1440 2080 1686 2153 potuerit
1736 2078 2032 2156 diligenter
2083 2079 2366 2137 nobiscum
2405 2101 2491 2139 re-

154 2256 159 2261 ,
208 2190 406 2257 putare
448 2179 723 2236 debemus.
802 2180 975 2253 Igitur
1019 2180 1065 2236 si
1104 2178 1257 2235 illum
1300 2197 1545 2237 errorem
1587 2198 1698 2237 non
1736 2180 1976 2243 Sallusti,
2025 2188 2109 2237 set
2152 2180 2360 2239 librarii
2398 2202 2491 2241 cu·

209 2284 423 2339 iusdam
467 2280 657 2357 culpae
702 2266 1067 2344 tribuerimus,
1114 2298 1241 2337 num
1282 2298 1469 2337 omnes
1506 2300 1594 2339 res
1635 2281 1929 2357 diligenter
1968 2282 2035 2339 ab
2074 2301 2139 2340 eo
2181 2284 2490 2359 exploratas
2545 2289 2579 2307 ·“

210 2402 335 2441 esse
374 2382 673 2439 evincitur?
730 2382 897 2463 Immo
939 2390 1159 2439 manent
1188 2382 1291 2439 alia
1334 2401 1445 2439 non
1484 2384 1662 2441 minus
1703 2384 1884 2458 gravia
1929 2384 2240 2459 obprobria.
2323 2387 2389 2443 Ut
2426 2388 2494 2445 de
2551 2398 2565 2412 ⁴

209 2485 435 2541 relicuis
467 2484 746 2541 erroribus
779 2491 997 2547 taceam,
1034 2484 1125 2558 qui
1150 2484 1215 2540 ab
1246 2485 1373 2540 viris
1403 2486 1597 2548 doctis,
1631 2487 1954 2549 Drumanno,
1983 2486 2244 2561 Hagenio,
2279 2486 2490 2545 Halmio

208 2587 335 2643 aliis
378 2586 553 2661 aperti
598 2593 760 2649 sunt,
818 2604 885 2642 ne
938 2604 1045 2660 quo
1093 2593 1340 2660 tempore
1394 2586 1610 2659 quidem
1655 2594 1876 2645 senatus
1929 2588 2243 2646 consultum
2285 2592 2494 2647 darent

206 2705 451 2760 operam
486 2690 747 2744 consules
790 2704 859 2744 ne
901 2690 1041 2760 quid
1068 2702 1164 2743 res
1190 2688 1423 2759 publica
1452 2690 1778 2746 detrimenti
1820 2696 2071 2762 caperet,
2118 2691 2319 2749 factum
2349 2700 2496 2749 esset

206 2798 363 2848 recte
403 2789 701 2852 enarravit,
747 2790 985 2864 quamvis
1028 2789 1081 2844 id
1128 2789 1262 2846 adeo
1312 2806 1377 2844 ex
1420 2789 1525 2846 Cic.
1564 2790 1824 2847 invectiva
1882 2794 1935 2846 in
1981 2790 2262 2849 Catilinam
2304 2794 2494 2868 prima,

209 2894 258 2973 si
282 2891 469 2963 ‚modo
514 2890 697 2965 aliquo
744 2892 987 2947 acumine
1024 2897 1116 2947 aut
1159 2888 1407 2947 sollertia
1453 2892 1508 2946 in
1563 2892 1944 2966 perquirendis
1982 2893 2144 2949 rebus
2191 2902 2353 2959 esset,
2405 2913 2497 2953 co-

210 3011 484 3067 gnoscere
514 2993 803 3067 potuisset.
870 2990 1023 3059 Quod
1054 2992 1099 3047 si
1145 3009 1267 3047 eum
1312 2994 1503 3049 eodem
1545 2993 1707 3051 modo
1745 3003 1907 3068 atque
1938 2994 2284 3051 Plutarchum
2331 3015 2496 3071 supra

210 3095 581 3151 demonstravi
632 3095 688 3149 in
746 3111 990 3150 errorem
1036 3095 1258 3150 ductum
1324 3112 1445 3174 esse
1490 3094 1806 3159 arbitreris,
1854 3113 1960 3169 qua
2018 3097 2230 3151 tandem
2283 3098 2496 3155 ratione

212 3199 418 3254 factum
469 3204 576 3259 est,
636 3202 699 3252 ut
734 3194 1014 3251 Catilinam
1068 3196 1123 3249 in
1184 3202 1376 3266 senatu
1428 3195 1779 3251 furibundum
1831 3194 2216 3253 exclamantem
2275 3198 2494 3262 faceret,

215 3298 366 3373 quod
410 3295 516 3353 Cic.
555 3315 636 3372 pr.
683 3296 816 3353 Mur.
854 3303 949 3359 25,
996 3303 1056 3356 21
1118 3296 1308 3352 Catoni
1354 3314 1475 3354 eum
1515 3298 1866 3373 respondisse
1913 3303 2146 3354 testatus
2192 3301 2344 3355 erat?
2433 3300 2498 3355 Et

216 3397 379 3475 quale
424 3397 558 3454 illud
605 3399 843 3461 videtur,
896 3400 1042 3471 quod
1088 3398 1146 3453 G.
1193 3396 1475 3462 Manlium,
1538 3417 1698 3472 quem
1747 3399 1968 3457 Romam
2005 3400 2216 3457 venisse
2262 3420 2329 3458 ne
2369 3420 2499 3458 con-

216 3507 577 3559 memorasset
620 3500 850 3583 quidem,
896 3498 961 3555 ab
1003 3498 1230 3556 Catilina
1277 3498 1332 3555 in
1377 3498 1648 3557 Etruriam
1692 3503 2049 3576 praemissum
2077 3519 2197 3561 esse
2242 3503 2499 3559 tradidit?

216 3605 394 3673 Quare
444 3620 566 3659 cum
613 3602 744 3658 satis
796 3600 1067 3675 adpareat,
1115 3599 1446 3665 Sallustium,
1493 3604 1656 3660 modo
1701 3603 2018 3677 diligentius
2062 3604 2338 3662 Ciceronis
2383 3623 2502 3661 ora-

218 3707 415 3767 tiones,
475 3704 672 3778 quibus
722 3702 803 3759 uti
858 3710 1008 3759 certe
1058 3702 1265 3777 potuit,
1323 3713 1700 3778 perscrutatus
1747 3715 1908 3769 esset,
1961 3707 2026 3763 de
2070 3706 2330 3787 Catilinae
2373 3724 2502 3763 con·-

216 3806 491 3865 iuratione
541 3806 753 3863 veriora
809 3822 870 3861 ac
912 3804 1149 3861 certiora
1204 3802 1549 3879 prolaturum
1593 3808 1790 3871 fuisse,
1841 3826 1952 3864 non
1998 3816 2106 3863 tam
2145 3826 2326 3864 rerum
2370 3808 2502 3863 scri·

215 3909 395 3985 ptoris
457 3907 637 3964 officio
689 3907 843 3980 fungi
890 3905 1129 3963 voluisse
1187 3923 1345 3979 quam
1403 3907 1507 3963 alia
1561 3909 1788 3965 consilia
1843 3915 2062 3965 secutus
2101 3909 2315 3965 videtur
2363 3925 2500 3963 esse.

216 4010 361 4077 Quae
406 4008 568 4083 plana
611 4009 805 4075 fecisse
849 4009 981 4064 mihi
1020 4010 1205 4067 videor
1242 4009 1371 4066 diss.
1418 4010 1630 4066 Grimae
1678 4016 1812 4070 1856
1845 4010 2024 4066 edita:
2083 4028 2193 4083 quo
2249 4015 2502 4081 tempore
2590 4037 2611 4057 ο

216 4126 444 4183 qaoque
490 4111 725 4167 consilio
771 4110 1079 4167 Sallustius
1127 4112 1427 4168 Catilinam
1464 4112 1766 4181 scripsisse
1813 4112 2094 4179 videatur,
2139 4111 2329 4183 eisque
2363 4128 2500 4184 quae

216 4231 401 4269 coram
446 4212 747 4286 philologis
792 4212 1107 4269 Germaniae
1152 4211 1534 4285 Stuttgartiam
1579 4212 1928 4285 congregatis
1973 4212 2162 4268 eodem
2205 4227 2348 4266 anno
2391 4211 2501 4267 ‹lis-

218 4315 383 4371 serui.
471 4314 626 4383 Quod
652 4314 699 4370 si
732 4314 1046 4371 Sallustium
1083 4316 1261 4372 minus
1289 4312 1604 4387 diligentem
1649 4313 1704 4370 in
1746 4312 1908 4369 rebus
1948 4331 2008 4369 ac
2043 4312 2382 4389 temporibus
2414 4330 2502 4369 ex-
