3042 4917
323 226 356 251 Ο
578 250 613 287 '
2277 256 2308 276 ὴ

884 281 1491 392 continuationes:
1522 296 1666 342 car.
1699 296 1795 339 111.
2407 277 2488 341 31

198 456 313 513 Nec
355 455 471 529 lug.
516 460 602 518 43,
642 462 667 515 1
718 452 782 523 Q.
828 460 883 509 et
920 452 1001 509 M.
1048 454 1227 511 omitti
1273 459 1513 528 potuere
1547 459 1604 507 et
1645 461 1742 514 50.
1795 460 1826 511 1
1873 432 1941 509 P.
1998 468 2064 507 ex
2101 450 2258 508 libris
2303 468 2489 526 quam-

160 558 283 613 ·vis
335 556 693 632 paucissumis
745 556 1136 631 recipiundum,
1168 555 1291 613 fuit.
1381 555 1495 628 lug.
1541 558 1638 617 73,
1677 562 1710 613 5
1769 570 2093 627 quamquam
2145 553 2201 609 in
2251 570 2318 611 eo
2361 553 2488 609 libri
2528 584 2549 607 e

201 660 445 721 variant,
506 666 685 715 tamen
742 673 1075 733 praenomen
1130 657 1198 713 ah
1253 656 1381 732 3³¹2·
1438 656 1680 712 additum
1731 655 1904 713 fuisse
1955 661 2164 713 certum
2217 663 2330 719 est;
2381 672 2488 729 ego

198 762 457 836 equidem
504 769 761 836 optumos
816 759 991 817 libros
1034 766 1255 817 secutus
1306 758 1368 813 T.
1416 756 1630 831 scripsi.
1718 756 1967 816 Ceterum
2008 757 2206 817 mirum
2241 766 2328 814 est
2369 757 2485 831 lug.

198 870 289 926 37,
327 871 379 924 3.
424 870 509 926 38,
542 870 577 922 2
616 871 673 919 et
701 869 751 922 4.
798 870 881 924 39,
916 871 964 921 1.
1010 868 1095 925 43,
1132 869 1157 921 l
1206 878 1309 935 pro
1352 861 1488 937 Auli
1522 856 1740 915 nomine
1783 859 1840 915 in
1879 859 2289 934 antiquissumis.
2332 860 2488 917 libris
2584 881 2605 904 υ

199 974 301 1021 aut
342 966 533 1022 Albini
585 966 814 1022 inveniri
864 973 959 1021 aut
1002 972 1153 1021 certe
1202 962 1255 1019 id
1292 961 1624 1035 adscriptum
1673 977 1812 1020 esse.
1901 960 2055 1029 Quod
2097 979 2278 1019 nonne
2323 962 2488 1020 docu-

200 1075 393 1123 mento
436 1075 549 1130 est,
595 1067 662 1123 ab
702 1067 961 1124 Sallustio
1004 1066 1207 1139 ubique
1248 1064 1513 1138 scriptum
1559 1063 1728 1121 fuisse
1765 1063 1832 1119 Α.
1877 1063 2145 1133 Albinus,
2205 1082 2365 1138 quem
2421 1066 2490 1121 ad

198 1153 425 1225 modum
465 1174 551 1233 44,
604 1178 627 1229 l
678 1178 739 1225 ut
780 1170 952 1225 frater
991 1168 1425 1239 distingue-retur
1465 1165 1564 1237 Sp.
1598 1166 1840 1223 additum
1881 1167 2002 1223 est?
2087 1166 2326 1256 Quippe,-
2341 1146 2488 1223 inso—
2525 1152 2542 1169 ⁶

197 1271 363 1327 litum
422 1279 508 1327 est
561 1270 794 1346 aliquem
850 1288 951 1345 per
1004 1268 1183 1327 solum
1238 1284 1570 1343 praenomen
1619 1266 1913 1341 significari
1965 1269 2072 1325 nisi
2124 1268 2180 1324 in
2238 1270 2487 1327 familiari

194 1390 471 1432 sermone.

1212 1876 1349 1953 Cap.
1392 1874 1488 1935 III.
1559 1874 1562 1879 ¹
2063 1926 2077 1937 .
2412 1911 2461 1947 ,a

893 2062 1013 2136 De
1054 2060 1808 2162 transpositionibus,

376 2288 607 2345 Librarii
650 2288 927 2348 cuiusdam
972 2288 1191 2345 levitate
1228 2288 1285 2343 iu
1324 2288 1722 2363 conpingendis
1763 2286 1915 2345 loliis
1961 2289 2242 2365 archetypi
2284 2291 2490 2364 gravis·

198 2409 421 2449 sumum
462 2409 707 2448 errorem
752 2392 807 2446 in
851 2389 993 2447 libro
1035 2391 1103 2447 de
1144 2390 1403 2447 Catilinae
1448 2390 1826 2447 coniuratione
1880 2409 1982 2466 per
2031 2408 2218 2449 omnes
2273 2393 2489 2449 codices

196 2501 545 2570 propagatos
590 2511 728 2556 esse,
770 2510 947 2567 nuper
986 2492 1095 2549 duo
1140 2494 1240 2548 viri
1282 2493 1431 2549 docti
1477 2492 1682 2567 insigni
1736 2493 1922 2567 ingeni
1973 2494 2218 2551 acumine
2257 2496 2488 2570 praediti

198 2612 487 2653 censuere.
562 2596 635 2652 De
675 2614 782 2669 qua
824 2613 885 2652 re
932 2602 995 2651 ut
1048 2601 1198 2652 recte
1250 2595 1550 2669 disputatio
1593 2596 1886 2670 procedat,
1936 2598 2172 2671 primum
2231 2614 2370 2671 quae
2423 2598 2490 2655 (le

197 2699 373 2755 rebus
425 2714 471 2754 c.
530 2704 777 2759 27—32
830 2682 1067 2754 narratis
1116 2715 1181 2754 ex
1220 2698 1387 2754 certis
1445 2697 1774 2754 testimoniis
1827 2707 2109 2763 constent,
2169 2700 2492 2775 exponunda

201 2801 477 2857 videntur.

379 2902 511 2957 Cum
552 2900 721 2975 igi-tur
762 2900 989 2957 Catilina
1032 2919 1155 2959 sese
1200 2901 1548 2958 consulatum
1583 2902 1639 2957 in
1685 2920 1732 2958 a.
1777 2920 1831 2958 u.
1876 2909 1980 2964 692
2019 2902 2098 2975 (a.
2145 2903 2200 2959 C.
2245 2904 2350 2975 62)
2399 2920 2493 2979 pe·

202 2983 439 3061 titur-um
482 3002 659 3077 palam
696 3003 1067 3078 profiteretur,
1104 3003 1291 3061 Cicero
1328 3004 1653 3079 petitionem
1698 3004 1814 3082 eius
1854 3004 1974 3077 lege
2016 3005 2083 3061 de
2120 3006 2326 3061 ambitu
2369 3024 2493 3080 per-

200 3107 315 3163 lata
379 3106 624 3181 inpedire
662 3114 889 3163 conatus
944 3113 1030 3161 est
1087 3103 1221 3177 (Cic.
1279 3124 1364 3180 pr.
1408 3106 1542 3161 Mur.
1584 3112 1678 3168 32,
1717 3112 1802 3167 67.
1857 3106 2036 3162 Schol.
2080 3106 2230 3162 Bobi.
2277 3107 2344 3162 ad
2383 3107 2490 3163 Cic.

202 3226 288 3265 or.
334 3226 419 3283 pr.
470 3206 617 3263 Sulla
662 3227 716 3282 p.
760 3214 865 3269 362
904 3208 987 3264 ed.
1033 3206 1197 3263 Orell.
1244 3207 1338 3264 ubi
1401 3208 1457 3263 in
1510 3208 1864 3263 adnotatione
1913 3206 2118 3263 relicua
2161 3208 2490 3283 scriptorum

204 3308 524 3367 testimonia
566 3309 814 3366 conlecta
850 3309 1017 3382 sunt),
1062 3317 1225 3383 atque
1270 3309 1461 3366 eodem
1506 3310 1780 3366 referente
1811 3317 2062 3373 senatus,
2110 3328 2336 3384 sperans
2372 3310 2492 3367 sore

204 3422 269 3470 ut
306 3413 515 3469 interea
559 3403 763 3469 iiefaria
798 3411 1191 3467 coniurationis
1230 3411 1457 3469 consilia
1491 3411 1830 3487 patefierent,
1873 3412 2093 3469 comitia
2135 3412 2190 3468 in
2235 3430 2282 3468 a.
2319 3413 2370 3469 d.
2405 3413 2494 3469 XII
2585 3405 2591 3411 ’

202 3514 321 3570 Kal.
363 3513 493 3569 Nov.
542 3512 646 3585 (21.
680 3512 817 3587 Oct.)
852 3512 1069 3569 distulit
1115 3512 1315 3587 (Drum.
1353 3514 1395 3569 V
1437 3533 1489 3587 p.
1537 3521 1656 3574 448.
1699 3513 1868 3570 Halm.
1915 3515 2084 3589 praef.
2129 3516 2212 3571 ad.
2258 3516 2364 3572 Cic.
2411 3504 2492 3571 or.

204 3619 263 3673 in
305 3613 461 3671 Catil.
508 3633 561 3689 p.
615 3615 714 3688 10).
801 3614 949 3683 Quae
995 3616 1235 3689 quamvis
1280 3616 1642 3673 advorsus·se
1685 3618 1938 3674 instituta
1981 3605 2102 3673 esse
2144 3619 2492 3693 persentiret,

208 3729 387 3775 tamen
432 3716 663 3773 Catilina
714 3733 825 3774 non
874 3718 1037 3774 modo
1083 3717 1260 3775 alacer
1310 3726 1473 3791 atque
1531 3718 1708 3775 laetus
1755 3720 1934 3776 omnia
1985 3721 2192 3793 agitare
2236 3721 2493 3794 perrexit,

206 3829 290 3877 set
327 3820 495 3877 etiam
538 3819 727 3875 Catoni
771 3819 1029 3877 iudicium
1070 3819 1344 3876 minitanti
1398 3837 1459 3876 ac
1500 3822 1843 3878 denuntianti
1889 3824 2202 3897 respondit,
2256 3823 2302 3878 si
2349 3822 2495 3896 quod

206 3931 354 3979 esset
400 3922 457 3978 in
496 3939 621 3977 suas
659 3920 909 3977 fortunas
952 3922 1258 3979 incendium
1302 3922 1594 3981 excitatum
1649 3925 1702 3980 id
1758 3943 1818 3981 se
1871 3942 1983 3981 non
2026 3941 2164 3998 aqua
2209 3930 2294 3979 set
2339 3923 2494 3979 ruina

207 4024 599 4081 restincturum
652 4021 787 4097 (Cic.
825 4042 911 4099 pr.
955 4024 1089 4081 Mur.
1128 4030 1225 4087 24,
1263 4032 1347 4086 49.
1393 4032 1491 4089 25,
1537 4024 1647 4098 51).
1743 4026 1872 4083 Cum
1916 4026 2020 4082 iam
2063 4024 2496 4100 percrebruisset

206 4125 491 4183 Catilinam
536 4126 883 4183 comitiorum
920 4127 1007 4183 die
1050 4127 1105 4183 in
1150 4126 1349 4201 Campo
1390 4144 1514 4184 cum
1557 4127 1780 4183 armatis
1825 4128 1880 4182 in
1924 4126 2204 4183 consulem
2251 4126 2494 4201 inpetum

208 4228 477 4285 facturum
525 4245 677 4291 esse,
731 4228 919 4286 Cicero
964 4247 1010 4285 a.
1056 4230 1107 4285 d.
1151 4230 1261 4285 Xlll
1302 4228 1416 4287 Kal.
1461 4230 1590 4285 Nov.
1637 4228 1758 4302 (20.
1805 4228 1954 4301 Oct.)
2005 4229 2070 4285 ad
2118 4207 2372 4285 'senatum
2415 4229 2496 4285 rei

206 4331 455 4405 publicae
501 4330 805 4405 periculum
840 4330 1058 4387 rettulit
1089 4339 1145 4387 et
1176 4339 1397 4388 senatus
1432 4331 1742 4389 consultum
1778 4332 1975 4389 factum
2011 4339 2125 4387 est:
2170 4348 2237 4387 ne
2268 4340 2496 4407 postero
2558 4312 2564 4317 ⁸
