3042 4917
499 296 620 359 298
1062 320 1145 361 Dr:
1192 320 1398 363 nanno
1446 320 1850 363 ivevn'rnmo
1899 322 1954 363 ο.
1989 311 2076 367 57.
2109 313 2196 367 58.

500 471 599 532 ubi
658 472 903 550 quisque
954 478 1204 533 curaret.
1304 472 1526 533 Deinde
1581 475 1748 551 signo
1815 474 1950 533 dato
2012 476 2270 553 undique
2325 475 2496 537 simul
2553 474 2780 537 clamor
2818 482 2851 534 3

498 576 703 651 ingens
744 575 949 643 oritur,
993 592 1185 654 neque
1230 594 1296 635 ea
1344 593 1445 634 res
1474 574 1757 636 Numidas
1786 582 2000 637 terret:
2046 577 2256 637 infensi
2298 563 2627 657 intentique·
2650 581 2777 639 sine

498 675 751 737 tumultu
796 684 1061 737 manent:
1105 675 1395 754 proelium
1447 678 1740 756 incipitur.
1827 679 2106 749 Romani,
2161 696 2272 757 pro
2327 682 2564 757 ingenio
2617 682 2777 760 quis·
2817 692 2850 739 4

500 798 645 858 que,
690 796 829 857 pars
866 781 1095 841 eminus
1138 778 1348 855 glande
1392 784 1489 839 aut
1531 780 1822 859 lapidibus
1861 798 2146 861 pugnare,
2205 782 2299 842 alii
2339 783 2662 843 succedere
2707 802 2778 843 ac

456 900 737 943 amurum
782 882 957 950 modo
1003 880 1321 942 subfodere
1362 882 1539 941 modo
1585 881 1758 944 scalis
1801 884 2072 959 adgredi,
2118 902 2336 962 cupere
2380 885 2674 963 proelium
2715 888 2779 945 in

496 985 769 1045 manibus
814 984 1028 1045 facere.
1127 984 1341 1044 Contra
1401 1002 1467 1044 ea
1513 985 1787 1063 oppidani
1841 987 1900 1046 in
1954 1004 2278 1064 proxumos
2329 1004 2466 1047 saxa
2520 987 2776 1057 volvere,
2818 1001 2850 1049 5

498 1086 677 1156 sudiS,
716 1087 851 1165 pila,
884 1093 1189 1163 praeterea
1222 1088 1415 1164 picem
1446 1085 1672 1147 sulfure
1703 1095 1760 1147 et
1783 1087 1955 1153 taeda
1989 1090 2229 1149 mixtam
2259 1088 2486 1149 ardenti
2519 1091 2776 1150 mittere.

500 1190 601 1249 Set
663 1208 737 1249 ne
788 1188 917 1249 illos
970 1189 1235 1268 quidem,
1306 1190 1404 1267 qui
1463 1190 1670 1267 procul
1728 1197 2097 1260 manserant,
2159 1192 2336 1251 timor
2391 1194 2569 1253 animi
2633 1193 2780 1252 satis
2817 1203 2853 1253 6

498 1293 857 1357 muniverat:
915 1309 1050 1352 nam
1093 1291 1406 1370 plerosque
1451 1291 1638 1353 iacula
1679 1294 1984 1353 tormentis
2038 1300 2139 1355 aut
2181 1311 2359 1354 manu
2402 1295 2612 1354 emissa
2652 1294 2775 1354 vol-

431 1411 481 1453 10
498 1393 803 1463 nerahant,
846 1396 1090 1472 parique
1135 1393 1400 1472 periculo
1431 1401 1519 1455 set
1555 1395 1707 1455 fama
1743 1397 1933 1472 inpari
1977 1394 2121 1455 honi
2153 1400 2326 1474 atque
2355 1397 2547 1474 ignavi
2583 1401 2773 1456 erant.

606 1578 613 1583 ‚
668 1498 821 1559 Dum
864 1496 1021 1575 apud
1066 1497 1301 1557 Zamam
1345 1498 1430 1557 sic
1476 1503 1754 1566 certatur,
1798 1496 2084 1574 Iugurtha
2129 1516 2199 1558 ex
2241 1500 2538 1576 inproviso
2581 1505 2776 1559 castra
2802 1497 2886 1559 58

668 1701 717 1749 4.
753 1701 891 1752 Non.
920 1718 971 1766 p.
999 1670 1125 1752 380}
1168 1702 1323 1751 Glans
1356 1708 1435 1751 est
1456 1700 1701 1766 plumbum
1727 1703 1775 1751 in
1797 1692 2000 1767 plan'dis·
2022 1705 2216 1752 modum
2249 1702 2587 1763 informatum.
2660 1702 2778 1753 Sal-

499 1772 675 1818 lustius
711 1771 760 1818 in
796 1770 1075 1835 Inyurtlzae
1112 1768 1270 1820 bello:
1307 1786 1436 1835 pars
1476 1770 1687 1820 eminus
1724 1770 1925 1841 glande
1964 1776 2062 1822 aut
2097 1771 2374 1837 lapidibus
2408 1784 2680 1836 pugnare.

502 2035 546 2085 1.
587 2035 716 2085 dein
752 2034 882 2085 dato
920 2032 1051 2099 (sup.
1082 2034 1149 2084 de
1175 2032 1354 2099 signo)
1391 2032 1476 2083 P1.
1539 2034 1668 2083 dein
1701 2031 1827 2083 m16.
1888 2033 2124 2099 denique
2159 2034 2224 2083 T.
2284 2034 2412 2084 dato
2449 2034 2608 2098 signo
2632 2032 2777 2083 Em‘.

499 2105 707 2154 clamor
736 2103 897 2154 simul
932 2102 1125 2168 P²Ep⁶.
1199 2102 1362 2152 simul
1386 2118 1477 2153 om.
1507 2099 1600 2151 m2.
1639 2129 1705 2136 —-
1740 2103 1790 2151 2.
1827 2102 2025 2167 ingens
2052 2101 2262 2152 clamor·
2294 2100 2439 2168 P⁴p⁵.
2499 2103 2781 2151 -exoritur

496 2170 835 2237 MFp³p⁵g⁵y.
873 2198 939 2207 —-
976 2169 1025 2221 3.
1065 2175 1331 2235 maneant
1368 2170 1431 2220 G.
1504 2174 1794 2220 manerent
1828 2170 1864 2220 l.
1915 2198 1978 2204 —
2033 2171 2082 2218 4.
2129 2186 2377 2237 pugnare
2416 2170 2544 2219 aliis
2582 2185 2778 2219 succu-

498 2241 627 2292 dere
666 2238 739 2306 g'.
822 2239 921 2289 alii
959 2240 1194 2289 evadere
1233 2255 1299 2288 ac
1336 2254 1546 2288 murum
1582 2254 1634 2287 m
1672 2238 1814 2303 (sup.
1852 2237 2181 2303 succedere)
2216 2238 2308 2289 m2.
2390 2253 2640 2304 pugnare
2677 2237 2781 2287 alii

500 2308 736 2359 evadere
775 2312 870 2357 aut
906 2323 1115 2357 murum
1149 2308 1215 2356 E.
1285 2321 1534 2373 pugnare
1583 2311 1679 2355 aut
1727 2307 1960 2356 evadere
2009 2322 2075 2357 ac
2122 2323 2330 2357 murum
2364 2305 2456 2355 m².
2528 2322 2780 2371 pugnare

500 2376 601 2425 alii
638 2376 873 2427 evadere
911 2375 1011 2425 alii
1046 2375 1344 2425 succedere
1384 2390 1448 2424 ac
1487 2374 1616 2424 Naz.
1656 2381 1784 2425 teste
1823 2376 2059 2425 &vum-0.
2133 2374 2231 2425 alii
2267 2374 2502 2425 evadere
2539 2374 2629 2423 vel
2655 2390 2780 2423 suc-

500 2445 695 2494 cedere
731 2443 823 2493 vel
859 2460 1067 2493 murum
1104 2443 1402 2493 ascendere
1442 2459 1509 2492 ac
1545 2440 1779 2493 MM¹TF
1815 2442 1923 2505 (set
1947 2445 2045 2493 del.
2072 2448 2166 2493 rel.
2199 2450 2413 2507 praeter
2449 2442 2549 2493 alii
2585 2458 2780 2497 succe-

499 2512 668 2576 dere).
742 2512 841 2561 alii
889 2512 1122 2561 evadere
1174 2511 1272 2561 alii
1319 2512 1617 2561 succedere
1666 2516 1722 2560 et
1767 2527 1976 2560 murum
2022 2512 2322 2561 ascendere
2373 2527 2440 2561 ac
2486 2510 2645 2560 modo
2682 2509 2779 2559 m¹.

498 2580 833 2630 succendere
882 2579 965 2629 P2.
1047 2578 1343 2629 succedere
1383 2577 1522 2643 (sup.
1562 2575 1745 2645 veli)
1783 2577 1868 2627 P⁴.
1951 2578 2048 2629 alii
2097 2580 2394 2630 succedere
2441 2579 2541 2628 alii
2587 2594 2652 2627 ac
2701 2576 2778 2643 p¹.

496 2675 563 2683 -—
609 2648 657 2698 5.
705 2648 864 2698 modo
900 2663 1109 2697 murum
1144 2645 1288 2712 P4p⁶.
1361 2662 1568 2696 murum
1605 2643 1828 2697 om.=m¹.
1901 2663 2109 2696 murum
2157 2648 2426 2698 suffodere
2474 2647 2635 2697 modo
2679 2644 2782 2694 m²l

500 2717 599 2781 (set
632 2719 700 2775 2⁰8,
738 2722 793 2765 ut
826 2714 913 2783 p⁶‚
955 2712 1182 2779 fodere).
1266 2715 1558 2764 subfodere
1601 2713 1943 2780 M¹Bmss²g⁷.
2049 2716 2277 2781 adgredi
2313 2716 2358 2765 P
2393 2714 2568 2779 (conr.
2596 2713 2780 2779 agg-r.)

497 2782 679 2834 P¹P²s.
796 2784 1062 2849 proelium
1106 2798 1307 2848 cupere
1354 2784 1412 2831 in
1456 2783 1710 2832 manibus
1757 2783 1943 2833 facere
1996 2785 2173 2833 Gomm.
2221 2791 2348 2834 teste
2397 2785 2637 2833 Gruter-o.
2721 2783 2782 2831 in

497 2870 590 2903 om.
628 2850 753 2918 p¹s¹.
830 2868 952 2901 cum
988 2852 1241 2901 manibus
1275 2851 1350 2916 p⁶.
1431 2851 1489 2899 in
1537 2851 1790 2901 manibus
1825 2852 2097 2916 praelium
2132 2852 2170 2901 l.
2217 2879 2280 2887 —
2326 2850 2376 2901 6.
2425 2868 2492 2902 ea
2537 2868 2652 2915 sup.
2689 2851 2778 2900 lin.

498 2925 563 2971 al.
603 2938 699 2971 ma.
736 2918 833 2983 M¹‚
872 2937 966 2971 om.
1004 2918 1140 2985 p⁵g⁵.
1245 2920 1304 2969 in
1339 2920 1600 2985 proximis
1636 2918 1816 2975 PP²B,.
1888 2920 1946 2969 in
1981 2920 2256 2985 proximos
2294 2918 2434 2985 (sup.
2473 2919 2523 2983 i)
2562 2916 2647 2969 P¹.
2721 2919 2782 2967 in

494 2991 776 3055 pressimis
796 2989 875 3069 δ”.
937 2989 994 3037 111
1020 3002 1270 3053 proxoms
1297 2986 1458 3050 (conr.
1485 2986 1771 3051 proximis)
1805 2986 1889 3037 1³³.
1950 2989 2008 3037 in
2044 2990 2286 3054 proximo
2324 3006 2375 3053 g.
2414 3016 2476 3023 —-
2525 2989 2574 3037 7.
2614 2989 2783 3035 sudes

498 3058 627 3123 (sup.
666 3055 932 3123 perticas)
970 3054 1055 3106 P¹.
1159 3057 1341 3121 picem
1386 3055 1645 3121 sulphure
1695 3060 1751 3104 et
1795 3056 1981 3105 tedam
2026 3057 2253 3106 mixtam
2299 3057 2553 3107 ardentia
2589 3056 2608 3104 l
2647 3060 2780 3109 Naz.

500 3132 719 3177 testante
762 3127 997 3176 Grutero.
1069 3126 1253 3190 picum
1289 3123 1513 3189 sulphur
1552 3122 1681 3187 (sup.
1714 3122 1764 3186 e)
1804 3129 1859 3173 et
1895 3124 2114 3173 taedam
2150 3126 2378 3175 mixtam
2417 3126 2687 3188 ardentim
2715 3128 2777 3177 P.

496 3196 675 3261 picem
702 3194 959 3259 sulphure
986 3198 1042 3243 et
1069 3193 1289 3243 taedam
1316 3193 1544 3242 mixtam
1571 3191 1788 3240 ardenti
1811 3190 2062 3255 P1(conr.
2087 3192 2238 3256 teda)
2265 3190 2612 3259 p³p⁵s²hm²g⁴
2639 3192 2779 3259 (sup.

498 3261 641 3323 eum)
672 3278 749 3327 ry.
822 3263 1001 3328 picem
1039 3260 1293 3325 sulphure
1335 3264 1390 3309 et
1426 3259 1594 3309 taeda
1630 3261 1857 3309 mixtam
1894 3254 2112 3310 ardenti
2149 3262 2401 3310 emittere
2437 3259 2524 3311 P2.
2598 3265 2782 3328 picem

498 3331 755 3396 sulphure
794 3336 848 3379 et
884 3330 1053 3379 taeda
1090 3330 1316 3378 mixtam
1354 3328 1573 3395 ardenti
1608 3327 1826 3376 mittere
1863 3326 2368 3393 MM¹M²FGm¹s¹p.
2439 3330 2624 3394 picem
2671 3331 2780 3381 sul-

496 3398 665 3463 phure
704 3403 761 3447 et
794 3397 963 3446 taeda
998 3397 1223 3445 mixtam
1260 3396 1513 3445 ardentia
1546 3396 1763 3445 mittere
1801 3394 2110 3462 P³P⁴BEpg
2135 3395 2411 3462 (sulphore
2437 3404 2486 3447 et
2511 3398 2637 3461 tia).
2699 3401 2781 3465 pi-

500 3499 618 3533 cem
658 3487 713 3530 et
749 3481 1006 3546 sulphure
1045 3480 1263 3529 taedam
1298 3481 1526 3530 mixtam
1565 3480 1792 3531 ardente
1828 3482 1893 3529 T.
1953 3483 2130 3545 picem
2167 3481 2422 3547 sulphure
2457 3478 2600 3533 ted}
2637 3483 2778 3549 (sup.

500 3550 575 3613 et)
613 3550 839 3598 mixtam
876 3550 1101 3599 ardente
1139 3549 1357 3599 mittere
1396 3547 1539 3613 (sup.
1581 3547 1821 3612 eminus)
1859 3566 1928 3600 111.
2009 3555 2304 3614 praeterea
2349 3549 2558 3601 sulfure
2595 3554 2780 3617 picem

500 3624 556 3669 et
590 3618 775 3667 tedam
812 3617 1038 3666 mixtam
1076 3617 1291 3667 ardenti
1327 3614 1402 3682 p¹.
1481 3618 1608 3681 pice
1647 3615 1730 3681 (m
1766 3616 1896 3680 del.)
1933 3617 2192 3682 sulphure
2241 3622 2297 3667 et
2331 3618 2515 3667 tedam
2552 3622 2783 3671 mixtam

500 3687 718 3737 ardenti
753 3685 829 3751 p⁶.
901 3686 1083 3750 picem
1130 3684 1388 3749 sulphure
1438 3689 1495 3735 et
1539 3686 1699 3734 tedas
1744 3686 1944 3736 mixtas
1993 3686 2212 3736 ardenti
2248 3688 2320 3735 ad
2349 3703 2508 3749 mary.
2549 3687 2626 3753 g2.
2699 3691 2780 3753 pi-

500 3772 619 3805 cem
656 3754 969 3820 sulphurem
1008 3758 1062 3802 et
1098 3753 1322 3803 taedam
1357 3754 1583 3802 mixtam
1623 3753 1877 3803 ardentia
1914 3753 2076 3815 (conr.
2103 3755 2227 3819 pice
2267 3758 2322 3803 et
2346 3753 2616 3819 sulplurre
2661 3760 2778 3806 tae-

498 3826 626 3874 dam
661 3822 887 3871 mixtam
924 3820 1227 3885 ardentem)
1271 3822 1446 3871 Comm.
1486 3824 1784 3884 adfirmante
1813 3822 2047 3871 Grutero.
2107 3823 2231 3887 pice
2270 3822 2527 3887 sulphure
2567 3828 2626 3873 et
2650 3825 2781 3873 teda

498 3894 724 3941 mixtam
762 3891 979 3940 ardenti
1015 3906 1057 3940 s.
1130 3890 1309 3955 picem
1345 3890 1530 3939 tedam
1568 3894 1622 3938 et
1658 3888 1913 3953 sulphure
1951 3890 2178 3939 mixtam
2215 3890 2430 3941 ardenti
2469 3904 2515 3940 σ.
2599 3894 2780 3957 picem

498 3960 755 4027 sulphure
791 3958 1018 4009 thedam
1052 3960 1280 4008 mixtam
1318 3957 1535 4007 ardenti
1572 3954 1646 4020 g5.
1705 3956 2279 4024 picemgmlphureque
2305 3958 2526 4008 thedam
2552 3960 2779 4009 mixtam

500 4029 716 4079 ardenti
753 4027 828 4092 εὖ.
902 4028 1079 4093 picem
1117 4026 1375 4091 sulphure
1415 4020 1681 4091 61ΗΗΙΗΗΗ
1709 4029 1823 4074 tam
1863 4025 2080 4074 ardenti
2104 4025 2176 4091 g⁷.
2244 4027 2351 4088 Cfr.
2384 4027 2549 4078 Coma.
2577 4046 2631 4093 p.
2663 4028 2775 4078 12⁶2.

498 4125 563 4133 —-
621 4096 670 4146 8.
721 4112 826 4145 1166
862 4094 988 4145 illos
1025 4096 1241 4160 quidem
1287 4091 1709 4159 p¹p³m¹gg⁴s¹r6.
1791 4109 1969 4157 neque
2017 4094 2143 4144 illos
2191 4094 2408 4158 quidem
2452 4094 2590 4160 p⁰g⁵.
2675 4113 2776 4145 nec

501 4166 717 4231 quidem
763 4164 890 4214 illos
935 4163 972 4212 1.
1043 4164 1232 4228 procul
1269 4164 1361 4227 qui
1397 4162 1460 4210 T.
1510 4188 1574 4197 —
1620 4160 1671 4211 9.
1711 4162 1985 4211 munierat
2020 4160 2216 4227 Tpp³y.
2289 4163 2565 4213 minuerat
2603 4163 2772 4226 (conr.

500 4230 840 4294 muniverat)
878 4231 1009 4296 mp⁸.
1054 4257 1122 4265 —-
1173 4229 1251 4279 10.
1298 4230 1530 4295 parique
1566 4257 1634 4264 —
1671 4234 1829 4280 erant
1863 4246 1974 4293 sup.
2015 4232 2098 4279 lin.
2139 4232 2253 4280 ead.
2292 4247 2387 4280 ma.
2427 4232 2489 4279 F.
2598 4234 2775 4297 inpari

499 4302 544 4351 P
583 4300 744 4365 (conr.
783 4298 935 4363 imp.)
970 4298 1190 4363 P¹P³gs.
1297 4298 1440 4347 bono
1478 4297 1642 4363 (conr.
1678 4298 1830 4361 boni)
1867 4299 1929 4347 P.
2129 4352 2138 4361 .

657 4367 738 4416 11.
765 4371 1012 4416 certatur
1033 4383 1103 4417 ex
1118 4370 1334 4416 certant
1357 4382 1499 4415 conr.
1522 4366 1587 4416 G.
1626 4366 1904 4430 inproviso
1929 4363 2316 4434 ΡΡ1Ρ411661σμ..
2372 4368 2678 4434 emproviso
2689 4367 2770 4418 P3.
