3042 4917
536 260 620 334 66
1216 281 1823 332 connexui-ionum
1868 281 2011 332 cn».
2054 282 2140 332 nr.

535 442 654 500 vius
699 442 1123 507 incitamentum,
1155 443 1436 520 progressi
1470 443 1737 508 dicantur,
1782 451 1838 500 at
1868 444 1993 519 quia
2024 443 2141 501 fieri
2183 441 2367 519 potuit
2411 450 2473 501 ut
2510 430 2665 501 'alter
2701 440 2829 502 illo·

537 563 660 602 rum
699 544 826 600 Piso
871 545 1078 620 precio,
1123 545 1263 601 alter
1298 545 1520 602 Catulus
1564 546 1737 618 gratia
1777 547 1920 621 apud
1963 546 2279 603 Ciceronem
2322 554 2592 610 uteretur,
2640 546 2828 620 itaque

533 646 806 704 chiasmus
839 647 1164 710 restituitur,
1200 647 1360 703 etiam
1382 647 1482 704 hac
1514 648 1570 703 in
1600 665 1661 704 re
1692 648 1986 712 Prisciano,
2040 665 2201 721 quem
2232 648 2376 704 hunc
2408 647 2589 704 locum
2619 648 2828 704 rectius

538 767 700 824 quam
734 750 948 814 codices
996 749 1277 806 tradidisse
1321 757 1617 814 constaret,
1666 749 2147 825 obtemperandum
2190 749 2393 825 putavi.

706 867 958 940 Eiusdem
997 867 1124 924 libri
1167 877 1264 931 50,
1311 875 1346 926 2
1387 869 1585 924 mirum
1628 877 1741 933 est,
1795 869 1943 944 quod
1992 866 2121 924 libri
2157 854 2326 926 manu
2368 867 2559 943 scripti
2604 876 2832 942 praeter

539 979 654 1028 tres
707 970 1029 1025 recentioris
1085 969 1276 1026 aetatis
1315 963 1361 1043 ¹)
1415 987 1604 1028 omnes
1650 971 1907 1028 exhibent
1967 970 2244 1043 Ceekeyus
2296 1003 2381 1011 —-
2424 987 2541 1043 per
2596 973 2833 1028 nuntios

535 1073 823 1146 familiam
866 1080 1038 1143 atque
1081 1074 1312 1129 libertos
1355 1087 1490 1129 suos
1534 1071 1717 1130 lectos
1763 1079 1820 1129 et
1866 1075 2221 1130 exercitatos
2265 1074 2472 1130 orabat
2524 1074 2585 1128 in
2642 1074 2831 1128 auda-

539 1178 706 1243 ciam,
743 1181 806 1230 ut
840 1189 1014 1247 yreqe
1052 1174 1213 1247 facto
1257 1192 1385 1232 cum
1417 1175 1544 1230 telis
1587 1176 1667 1231 ad
1697 1190 1821 1231 sese
1858 1177 2273 1248 inrumperent.
2346 1174 2500 1242 Quod
2534 1191 2657 1230 cum
2695 1173 2831 1229 ferri

542 1294 652 1334 non
699 1294 864 1352 posse
907 1277 1270 1334 manufestum
1322 1284 1496 1340 esset,
1556 1275 1805 1351 plerique
1862 1276 2043 1334 locum
2090 1277 2165 1333 ita
2210 1277 2504 1333 sanandum
2549 1283 2833 1351 putavere,

544 1388 605 1436 ut
650 1386 1102 1454 transponerent:
1148 1382 1322 1436 lectos
1363 1387 1420 1434 et
1461 1380 1815 1436 exercitatos
1854 1381 1915 1435 in
1962 1381 2265 1436 audaciam
2309 1380 2530 1441 orabat,
2572 1378 2723 1450 quod
2754 1378 2835 1433 ita

541 1481 648 1538 dici
691 1481 956 1556 potuisse,
1006 1499 1330 1555 quamquam
1367 1483 1725 1538 ercet-citatus
1760 1481 1917 1555 sequi
1964 1481 2106 1538 solet
2150 1481 2488 1557 praepositio
2534 1482 2612 1537 ad
2646 1487 2705 1534 et
2734 1480 2833 1535 ubi

541 1583 610 1638 de
657 1583 911 1641 audacter
963 1581 1120 1638 factis
1176 1583 1465 1638 dicundum
1527 1582 1758 1657 pluralis
1823 1583 2069 1640 vocabuli
2132 1586 2381 1641 audacia
2438 1582 2675 1639 usitatus
2746 1589 2836 1638 est

545 1682 668 1757 (vid.
708 1683 869 1740 Klotz
913 1684 1061 1739 Lex.·
1087 1703 1130 1740 s.
1179 1683 1420 1758 v.),·non
1463 1684 1695 1759 negabo,
1746 1692 1923 1741 tamen
1966 1703 2089 1744 cum
2129 1704 2230 1761 per
2270 1703 2329 1742 se
2374 1683 2621 1757 intellegi
2651 1684 2838 1758 possit

548 1803 660 1860 quo
705 1785 925 1845 nomine
964 1785 1045 1840 illi
1082 1787 1215 1842 lecti
1253 1792 1310 1841 et
1351 1789 1663 1844 exercitati
1701 1787 2045 1863 adpellentur
2079 1819 2152 1830 -
2188 1791 2369 1844 lectus
2407 1787 2550 1843 enim
2580 1785 2837 1842 adiectivi

545 1888 652 1944 vim
679 1896 900 1960 nactum
925 1905 1046 1944 esse
1079 1895 1135 1944 et
1171 1888 1476 1961 significare
1503 1889 1597 1964 qui
1635 1907 1879 1946 maxume
1916 1891 2141 1947 idoneus
2180 1891 2269 1954 sit,
2304 1895 2547 1953 constat;
2582 1889 2681 1944 csr.
2716 1888 2835 1944 Cat.

545 1998 630 2054 59,
678 1976 737 2051 3]
771 1989 858 2046 Fr.
904 1990 971 2045 111
1007 1973 1111 2053 65(
1136 1997 1200 2065 43
1245 1991 1311 2046 ad
1349 1990 1642 2048 lectionem
1670 1999 1854 2048 autem
1884 2009 2005 2049 cum
2036 1993 2245 2050 adcedit
2289 1991 2621 2054 exercitatio,
2662 2007 2837 2064 quor-

547 2109 666 2148 sum
700 2092 832 2148 haec
875 2096 1101 2167 specte‘t,
1149 2109 1260 2149 non
1301 2093 1614 2166 ambiguum
1648 2123 1743 2156 -‚
1783 2111 2017 2169 cumque
2050 2094 2221 2152 falsus
2254 2094 2426 2156 locus,
2460 2109 2617 2166 quem
2652 2093 2709 2147 in
2740 2111 2838 2156 co,-

547 2193 756 2251 dicibus
796 2201 1007 2250 tantum
1051 2211 1162 2250 non
1209 2195 1462 2252 omnibus
1509 2213 1860 2271 occupavere,
1918 2215 1980 2253 ea
2024 2215 2089 2254 ex
2125 2197 2370 2271 margine
2412 2195 2497 2251 vel
2542 2194 2837 2251 intervallo

545 2296 812 2354 linearum
856 2297 1134 2370 archetypi
1179 2295 1234 2351 in
1265 2303 1472 2352 textum
1512 2297 1680 2354 inlata
1725 2315 1845 2354 esse
1888 2299 2211 2373 patefaciat,
2255 2299 2387 2354 mihi
2430 2297 2644 2354 cautius
2688 2297 2840 2354 vide·

549 2405 641 2456 tur
679 2417 742 2455 ea
785 2399 850 2454 ad
894 2397 1048 2454 illum
1083 2397 1262 2454 locum
1306 2399 1449 2455 unde
1489 2402 1737 2474 prosecta
1782 2408 1909 2458 sunt
1950 2401 2249 2458 remittere.

717 2517 828 2572 Cat.
869 2523 964 2579 51,
1011 2522 1044 2576 6
1089 2523 1274 2572 utrum
1320 2522 1376 2571 et
1417 2525 1541 2574 ante
1594 2521 1657 2575 in
1700 2537 1855 2592 pace
1899 2520 2188 2576 delendum
2236 2537 2303 2576 an
2350 2519 2693 2576 retinendum
2745 2519 2837 2583 sit,

549 2617 605 2674 in
652 2619 863 2674 incerto
927 2617 1285 2691 relinquatur.
1372 2618 1530 2684 Mihi,
1586 2622 1840 2694 quoniam
1890 2616 1958 2679 P1
2016 2630 2073 2679 et
2110 2640 2164 2679 m
2221 2622 2604 2683 consentiunt,
2654 2637 2841 2694 neque

549 2720 842 2776 disiunctio
888 2719 1192 2776 necessaria
1232 2727 1334 2784 est,
1382 2721 1747 2778 omittundum
1790 2724 2019 2781 videtur.

719 2837 901 2895 Multis
933 2837 1363 2896 dubitationibus
1410 2840 1679 2898 obnoxius
1722 2851 1807 2898 est
1846 2841 1999 2918 locus
2040 2843 2281 2900 eiusdem
2309 2861 2425 2918 cap.
2458 2841 2512 2914 S.
2545 2846 2611 2903 27
2644 2843 2841 2897 omnia

550 2942 704 3000 mala
741 2943 1011 3013 exempla
1045 2949 1147 2996 cet.
1236 2940 1445 2998 Etenim
1491 2944 1537 3000 si
1568 2943 1741 3000 libros
1784 2944 2202 3019 perlustraveris
2230 2946 2669 3002 vetustissumam
2704 2944 2843 3000 scri-

549 3053 769 3122 pturam
816 3061 937 3101 esse
977 3060 1055 3100 ex
1097 3045 1270 3100 rebus
1314 3047 1476 3102 bonis
1515 3046 1753 3102 invenies
1800 3046 1879 3120 (OE
1926 3066 2049 3104 cum
2092 3046 2371 3123 plerisque
2414 3047 2569 3103 codd.
2616 3045 2841 3119 generis

549 3148 713 3225 primi
760 3148 814 3203 in
855 3164 915 3203 ea
957 3145 1269 3220 consentit),
1315 3155 1535 3222 praeter
1577 3165 1693 3204 eam
1736 3149 1895 3205 aliam
1938 3150 2215 3224 antiquam
2260 3150 2507 3208 extitisse
2552 3163 2631 3204 ex
2666 3149 2845 3204 rebus

550 3251 899 3318 domesticae,
947 3267 1037 3306 eas
1094 3249 1227 3306 duas
1283 3258 1462 3306 autem
1513 3249 1570 3306 in
1623 3233 1903 3307 nonnullis
1963 3253 2261 3308 conmixtas
2321 3269 2470 3316 esse;
2528 3255 2612 3306 set
2666 3251 2845 3306 rebus

551 3371 739 3411 omnes
774 3351 1114 3414 confirmant,
1157 3358 1376 3425 praeter
1403 3345 1539 3425 P2p6
1576 3352 1671 3425 qui
1708 3353 1986 3416 omittunt,
2046 3362 2100 3409 et
2143 3337 2313 3429 p3p5y
2348 3353 2440 3428 qui
2470 3353 2634 3408 bonis
2658 3353 2845 3407 initiis

459 3485 464 3491 ·
551 3455 824 3512 exhibent.
916 3452 1030 3521 Qua
1087 3471 1147 3508 re
1196 3452 1366 3508 sobrii
1426 3461 1510 3508 est
1574 3454 1867 3528 diligenter
1929 3472 2190 3530 quaerere
2250 3464 2437 3512 utrum
2506 3456 2679 3510 rebus
2734 3471 2842 3528 pro

553 3555 883 3632 glossemate
925 3553 1230 3610 habendum
1271 3553 1359 3617 sit,
1400 3554 1454 3610 id
1487 3556 1633 3629 quod
1672 3556 1924 3632 plerique
1954 3575 2215 3613 censuere
2255 3588 2329 3598 —
2368 3575 2491 3614 nam
2524 3553 2843 3612 Gerlachius

553 3659 637 3716 ed.
682 3675 803 3713 nov.
835 3675 888 3730 p.
913 3655 1024 3712 XIX
1056 3662 1370 3730 suspectum
1391 3673 1510 3713 esse
1542 3657 1693 3721 dixit,
1720 3659 1985 3715 Linkerus
2010 3659 2163 3715 uncis
2192 3659 2459 3734 adpositis
2497 3657 2640 3714 idem
2672 3657 2847 3730 signi-

551 3761 729 3818 ficavit
788 3789 864 3800 -
921 3774 988 3814 an
1029 3757 1262 3814 defendi
1319 3767 1482 3833 atque
1539 3760 1730 3816 idonee
1791 3761 2045 3836 explicari
2095 3761 2291 3836 possit.
2376 3759 2529 3828 Quod
2578 3767 2641 3815 ut
2694 3767 2845 3816 recte

553 3862 674 3918 fieri
716 3861 920 3936 possit,
968 3876 1103 3934 quae
1149 3860 1392 3918 Caesaris
1436 3863 1707 3918 sententia
1763 3864 1835 3919 sit
1887 3863 2338 3920 considerandum
2386 3861 2615 3918 videtur.
2702 3860 2846 3916 Con-

555 3971 820 4020 memorat
862 3972 1056 4038 postea
1096 3964 1324 4037 triginta
1381 3965 1553 4028 viroS,
1616 3983 1753 4039 quos
1808 3965 2214 4022 Lacedaemonii
2269 3962 2692 4020 Atheniensibus
2750 3963 2845 4018 de-

553 4067 710 4124 victis
755 4067 1061 4142 inposuere,
1110 4074 1165 4124 et
1202 4067 1259 4122 L.
1305 4065 1525 4123 Sullam.
1596 4065 1655 4122 Ei
1696 4067 1914 4142 utrique
1955 4073 2231 4142 potestate
2278 4085 2390 4131 sua,
2437 4083 2560 4122 cum
2602 4064 2842 4140 primum

651 4249 702 4316 1)
747 4253 949 4302 Eorum
986 4249 1045 4318 g’²
1090 4249 1161 4301 ad
1208 4249 1488 4315 exemplar
1526 4249 1597 4300 ab
1642 4248 1861 4301 homine
1906 4265 2017 4301 non
2064 4250 2302 4316 inperito
2341 4253 2658 4300 com-ectum
2708 4248 2841 4300 ecri-

553 4341 705 4402 ptum
741 4353 862 4387 esse
889 4341 1124 4388 constat.
