3042 4917
910 304 1520 351 contemnum-tonum
1567 304 1712 351 cnr.
1756 304 1828 347 11.
2447 284 2527 345 17

226 464 515 519 audaciae
530 505 545 534 ,
604 474 804 535 mens,
862 461 1175 534 factiosus,
1219 442 1403 533 'quem
1448 462 1529 516 ad
1564 461 2024 533 perturbandam
2072 475 2194 515 rem
2229 463 2528 544 publicam

226 567 428 637 inopia
473 572 646 639 atque
678 565 817 619 mali
849 579 1038 620 mores
1070 563 1457 630 stimulabant,
1498 562 1672 619 miror
1705 569 1836 619 erat
1867 564 2060 618 eodem
2102 570 2358 635 tempore
2401 583 2525 623 cum

230 675 341 722 tam
394 667 545 739 gravi
590 682 819 722 numero
862 665 1117 722 omnibus
1160 664 1490 739 praeposita.
1580 662 1734 731 Quod
1775 664 1822 723 si
1869 662 2160 721 Sallustius
2219 668 2522 741 exprimere

224 767 497 823 voluisset
536 768 731 823 vixisse
776 767 967 823 eodem
1012 774 1259 839 tempore
1296 766 1568 829 Pisonem,
1613 774 1674 821 ut
1710 764 1960 822 nonnulli
2006 766 2335 841 interpretes
2378 750 2522 825 arbi-

229 870 361 925 trati
404 870 657 926 videntur
700 886 838 931 esse,
884 868 937 924 id
978 868 1159 924 dicere
1204 884 1375 942 paene
1419 868 1708 925 ridiculum
1754 868 1876 923 suit.
1934 867 2138 942 Neque,
2183 876 2246 925 ut
2275 870 2522 927 omittam

225 970 382 1027 locos
416 971 529 1027 Cat.
580 978 662 1035 17,
707 978 758 1033 7.
804 977 891 1033 36,
935 978 985 1029 4.
1030 980 1115 1033 55,
1162 978 1211 1031 3.
1279 970 1393 1043 lug.
1432 976 1529 1033 47.
1579 978 1626 1028 1.
1671 976 1768 1031 48.
1799 976 1850 1029 3.
1893 976 1990 1032 89,
2039 977 2090 1029 4.
2163 971 2274 1028 Cat.
2321 976 2421 1037 23,
2469 982 2520 1035 3.

223 1073 343 1145 lug.
376 1078 439 1134 71
460 1116 474 1135 ,
520 1082 579 1137 3,
627 1092 767 1149 quos
802 1072 1053 1128 divorsos
1098 1088 1221 1128 esse
1264 1070 1441 1145 quivis
1484 1071 1778 1145 perspicit,
1835 1072 2124 1147 conparari
2173 1076 2380 1149 poterit
2433 1076 2520 1133 hic

223 1173 385 1230 locus
410 1192 533 1231 cum
566 1175 677 1231 Cat.
712 1180 795 1237 17,
833 1184 865 1233 5
908 1182 1079 1231 erant
1092 1181 1411 1247 praeterea
1438 1174 1748 1245 conplures
1765 1175 1950 1243 paulo
1979 1176 2256 1231 occultius
2283 1178 2524 1234 huiusce

224 1278 433 1332 consili
468 1279 795 1351 participes
842 1277 1083 1346 nobiles,
1135 1291 1277 1349 quos
1332 1274 1536 1357 mayis‘
1553 1276 1954 1332 dominationis
2001 1292 2136 1349 spes
2177 1278 2524 1337 hortabatur

224 1396 403 1449 quam
446 1380 643 1450 inopia
688 1386 789 1436 aut
844 1381 963 1435 alia
1006 1380 1361 1435 necessitudo
1402 1384 1459 1433 et
1514 1384 1610 1439 39,
1648 1385 1684 1436 4
1728 1376 1901 1449 fuere
1951 1384 2129 1434 extra
2170 1383 2522 1439 coniuratio-

225 1494 361 1535 nem
388 1484 715 1553 conplures,
762 1483 863 1553 qui
904 1482 985 1537 ad
1022 1480 1323 1537 Catilinam
1366 1482 1526 1537 initio
1563 1478 1824 1552 profecti
1867 1488 2020 1537 sunt.
2107 1480 2238 1537 Nam
2282 1500 2420 1557 quae
2453 1485 2522 1540 de

226 1582 328 1637 Gn.
352 1582 607 1663 ⁸Pisonis,
635 1584 857 1657 ingenio
902 1591 957 1639 et
992 1582 1238 1639 moribus
1282 1588 1787 1644 conmemorantur,
1841 1591 1990 1638 certe
2045 1583 2342 1661 iii-multis
2399 1587 2520 1644 aliis

224 1684 459 1747 insuere,
504 1685 597 1758 qui
630 1694 833 1748 aetate,
881 1684 1234 1746 auctoritate,
1274 1683 1521 1759 potentia
1563 1683 1628 1739 ad
1677 1684 2112 1742 coniurationem
2169 1688 2519 1745 adiuvandam

224 1786 403 1858 magis
448 1785 741 1860 quam‘ille
781 1786 960 1843 idonei
990 1793 1203 1841 essent:
1244 1784 1379 1841 illud
1416 1785 1708 1841 dicundum
1749 1786 1918 1843 fuisse
1961 1788 2212 1862 adparet,
2256 1808 2380 1847 eum
2420 1810 2520 1867 per

224 1888 507 1943 fortunam
552 1888 861 1945 ministrum
902 1887 1161 1944 Catilinae
1214 1896 1271 1943 et
1318 1888 1588 1943 Autronio
1641 1886 1883 1944 oblatum
1934 1890 2120 1946 fuisse.
2199 1890 2354 1959 Quod
2406 1911 2518 1951 non

224 1990 590 2062 exprimitur,-
634 1989 739 2045 nisi
780 1989 873 2045 ubi
920 1990 1086 2045 fuerit
1128 1996 1243 2044 tum
1279 1989 1406 2045 Piso
1450 1989 1700 2045 adicitur.
1773 1990 1949 2063 igitur
1988 1970 2056 2047 si‘
2077 1992 2296 2049 Romae
2331 1995 2414 2050 vel
2457 1998 2518 2053 in

222 2092 371 2146 urbe
430 2090 691 2147 excidisse
746 2091 1125 2155 statuerimus,
1183 2090 1507 2147 simillumus
1549 2091 1638 2147 hic
1680 2090 1834 2147 locus
1879 2092 1972 2148 fiet
2027 2092 2140 2148 Cat.
2181 2100 2278 2157 21,
2318 2104 2354 2157 3
2393 2112 2518 2153 esse

220 2194 287 2247 in
333 2192 624 2263 Hispania
666 2194 933 2249 citeriore
976 2182 1264 2249 Pisonem.
1343 2192 1459 2266 lug.
1502 2200 1601 2255 35,
1643 2202 1671 2253 l
1717 2194 1870 2250 Erat
1911 2210 1982 2250 ea
2025 2201 2356 2267 tempestate
2398 2198 2515 2255 Ro-

222 2310 355 2350 mae
384 2295 634 2351 Numida
664 2296 915 2366 quidam,
954 2298 1177 2351 nomine
1208 2295 1483 2352 Massiva.
1529 2303 1616 2364 65,
1654 2306 1682 2357 1
1706 2297 1860 2352 Erat
1879 2306 2198 2369 praeterea
2237 2301 2298 2355 in
2339 2315 2514 2356 exer-

221 2400 365 2453 citu·
388 2404 585 2453 nostro
632 2396 885 2453 Numida
920 2397 1175 2469 quidam,
1220 2399 1443 2453 nomine
1488 2398 1714 2455 Gauda.

400 2498 537 2553 Tum
576 2498 631 2570 S.
677 2504 711 2558 6
764 2499 927 2555 verba
966 2516 1039 2555 ea
1078 2516 1145 2556 re
1183 2502 1411 2571 coquita
1464 2501 1610 2573 quod
1659 2501 1824 2558 sciam
1881 2518 2068 2559 omnes
2115 2504 2190 2559 ita
2246 2505 2516 2581 interpre-

224 2601 325 2656 tati
365 2592 521 2663 sunt,
581 2608 641 2656 ut
694 2600 983 2657 consilium
1042 2601 1221 2657 caedis
1276 2601 1609 2675 patefactum
1660 2603 1828 2660 fuisse
1881 2620 2108 2679 eamque
2157 2607 2227 2663 ob
2269 2626 2514 2665 caussam

218 2703 562 2759 coniiuratos
605 2698 738 2758 illud
782 2702 1059 2759 distulisse
1096 2702 1201 2759 dici
1246 2703 1662 2760 arbitrarentur.
1743 2706 1837 2762 Cui
1883 2706 2066 2763 obstat
2113 2710 2346 2783 primum
2383 2729 2515 2767 usus

220 2804 375 2859 verbi
426 2802 802 2876 effluescere,
852 2804 999 2879 quod
1040 2805 1251 2880 passive
1308 2806 1382 2861 ita
1426 2790 1503 2862 ῗιι
1559 2806 1890 2881 significaret
1933 2810 2208 2883 patefieri,
2255 2812 2514 2886 evulgari,

220 2922 445 2961 rumore
490 2907 677 2980 accipi,
724 2924 991 2980 nusquam
1032 2906 1235 2963 dictum
1280 2915 1381 2970 est,
1416 2917 1534 2965 tum
1577 2910 1717 2966 ratio
1763 2912 2128 2983 grammatica.
2197 2913 2326 2970 Cum
2370 2916 2512 2971 euim

218 3006 379 3062 latini
432 3008 733 3081 scriptores
786 3008 923 3065 hanc
985 3006 1160 3081 legem
1202 3008 1637 3083 diligentissume
1695 3012 2116 3077 observaverint,
2167 3023 2230 3071 ut
2295 3014 2512 3071 ablativi

203 3108 463 3165 ‘absoluti
503 3127 718 3183 semper
762 3110 827 3165 ad
871 3111 1012 3167 idem
1064 3110 1367 3168 subiectum
1413 3113 1779 3176 reserrentur,
1841 3115 1944 3171 uisi
2003 3133 2112 3189 quo
2170 3116 2514 3190 pertinerent

218 3228 323 3285 per
368 3229 425 3266 se
474 3211 608 3267 satis
656 3212 1005 3287 perspicuum
1044 3221 1191 3268 esset
1236 3212 1415 3285 (Fabri
1458 3214 1522 3269 ad
1564 3214 1678 3288 lug.
1727 3224 1822 3279 10,
1861 3215 1932 3288 1),
1979 3217 2096 3273 vide
2139 3234 2207 3273 ne
2252 3214 2514 3275 Sallustio

220 3313 507 3386 indignum
556 3313 627 3369 sit
685 3322 887 3371 tantam
926 3313 1335 3386 ambiguitatem
1390 3314 1437 3370 ei
1499 3316 1756 3373 tribuere.
1851 3317 1972 3381 Set,
2027 3318 2080 3375 id
2135 3321 2280 3394 quod
2337 3320 2515 3379 multo⁴

216 3414 440 3497 gravius
484 3422 597 3477 est,
659 3432 747 3471 res
796 3415 995 3471 obstat.
1099 3414 1308 3473 Etenim
1352 3418 1398 3473 si
1446 3417 1550 3474 iam
1599 3402 1724 3475 ante
1768 3418 2032 3476 Kalendas
2069 3421 2342 3480 lanuarias
2383 3442 2514 3481 con-

218 3516 423 3576 iuratio
469 3516 739 3590 patefacta
784 3517 1004 3579 suisset,
1054 3518 1184 3591 quid
1230 3520 1376 3594 quod
1418 3520 1471 3575 in
1516 3520 1710 3594 volgus
1757 3531 1915 3586 nota,
1962 3532 2024 3579 ut
2069 3524 2298 3598 coym'ta
2343 3527 2514 3600 signi-

216 3617 381 3673 ficare
414 3634 637 3673 necesse
675 3626 839 3681 esset,
886 3636 1015 3675 num
1058 3620 1317 3677 credibile
1366 3630 1484 3700 est,
1532 3623 1668 3678 nihil
1713 3642 1958 3699 prorsus
1987 3626 2052 3682 de
2090 3644 2153 3683 ea
2194 3646 2253 3685 re
2298 3629 2514 3703 publice

218 3714 399 3775 actum
446 3718 635 3782 fuisse,
666 3720 743 3775 ita
786 3726 1028 3777 caussam
1072 3721 1373 3794 neglectam
1416 3740 1554 3787 esse,
1599 3726 1680 3781 uti
1722 3727 1991 3784 coniurati
2037 3730 2326 3787 consilium
2355 3748 2513 3787 suum

218 3821 277 3875 in
314 3820 496 3877 Nonas
540 3820 878 3884 Februarias,
927 3830 1034 3879 tam
1075 3824 1445 3898 propinquum
1492 3835 1723 3902 tempus,
1769 3828 1986 3887 differre
2030 3832 2326 3888 auderent?
2382 3831 2514 3905 (Cfr.

217 3906 409 3995 uag'en
466 3921 623 3978 catii.
683 3942 738 3997 p.
784 3923 903 3996 99.)
966 3923 1160 3981 Narrat
1216 3936 1500 4000 praeterea
1555 3929 1770 3986 cassius
1815 3930 1910 3988 Dio
1959 3931 2180 4004 (xxxvl
2233 3938 2318 3993 27.
2393 3933 2510 3989 vid.

218 4024 398 4080 Drum.
432 4023 477 4078 V
519 4042 574 4098 p.
623 4031 742 4086 396.
781 4024 825 4079 11
865 4043 917 4099 p.
964 4032 1035 4086 88
1078 4034 1133 4081 et
1176 4027 1301 4101 515)
1349 4046 1518 4085 novos
1569 4031 1839 4112 consules,
1870 4050 1991 4089 cum
2022 4034 2088 4089 de
2132 4033 2378 4108 periculo
2415 4033 2512 4090 ali-

220 4143 330 4197 quo
374 4126 677 4183 conmoniti
710 4134 925 4189 essent,
976 4126 1231 4185 Kalendis
1274 4129 1712 4189 Ianuariis'cum
1757 4134 2028 4208 praesidio
2079 4144 2410 4193 armatorum
2457 4138 2513 4192 in

216 4226 545 4301 Capitolium
593 4228 773 4292 ivisse,
812 4246 1039 4303 eamque
1082 4228 1151 4285 ob
1192 4248 1435 4288 caussam
1466 4232 1782 4290 coniuratos
1831 4253 1946 4291 rem
1985 4236 2301 4295 distulisse?
2357 4238 2514 4307 Quod

218 4328 267 4384 si
310 4329 570 4385 statueris
614 4338 741 4386 ante
784 4346 857 4387 ea
900 4346 965 4387 re
1004 4333 1230 4405 coynita
1274 4332 1327 4388 id
1371 4342 1648 4391 narratum
1691 4336 1859 4393 fuisse
1895 4346 1979 4393 set
2021 4338 2164 4396 malo
2202 4358 2330 4399 casu
2372 4342 2515 4398 exci-

356 4442 631 4497 SALLus'r.
667 4460 759 4495 nn.
793 4446 1069 4497 Dus-recu.
2053 4438 2094 4499 2
