3042 4917
517 293 640 366 '102
1209 321 1817 366 CONMENTATIONUM
1862 321 2002 367 οΑΡ.
2047 323 2106 367 v.

517 466 744 554 propius
789 478 1044 536 virtutem
1089 470 1209 536 esse
1251 477 1398 542 dicit,
1437 473 1543 536 'nec
1584 495 1713 538 vero
1759 479 1815 536 in
1840 473 2014 537 'malis
2045 477 2309 546 moribus,
2358 489 2473 539 tum
2507 475 2802 557 conrupta

514 598 622 638 non
671 589 776 638 tam
814 573 1116 645 inhonesta,
1163 600 1322 656 quam
1362 599 1526 657 prava
1575 599 1636 640 ac
1676 600 1935 657 pervorsa
1972 583 2195 641 ambitio
2236 592 2349 650 est;
2388 585 2622 660 denique
2664 588 2800 643 reli-

511 701 751 742 cuorum
791 684 1098 740 necessario
1137 684 1397 759 postulat,
1445 685 1590 757 quod
1630 686 1881 759 sequitur
1922 701 2072 758 quae
2116 693 2352 744 ceteros.
2442 687 2556 756 Qua
2586 705 2648 745 re
2686 706 2801 748 non

512 793 612 850 est,
657 786 804 861 quod
845 793 1194 860 optumorum
1233 786 1480 842 codicum
1526 786 1851 860 scripturam
1886 767 2190 844 reiciamus.

683 888 794 945 Cat.
841 895 889 951 6,
935 895 969 946 2
1003 888 1166 962 volgo
1205 887 1497 944 edebatur:
1556 888 1641 944 Hi
1682 887 1936 962 (Troiani
1982 897 2036 945 et
2078 868 2433 965 Aborigines)
2485 899 2799 965 postquam

509 992 570 1048 in
607 969 726 1048 nna
756 993 980 1048 moenia
1011 991 1344 1058 convenere,
1391 991 1620 1061 dispari
1654 1007 1883 1064 yenere,
1929 993 2191 1048 dissimili
2224 994 2444 1066 linqua:
2489 995 2640 1051 alius
2686 998 2801 1053 alio

510 1110 668 1150 more
705 1096 970 1164 viventes,
1015 1093 1345 1150 incredibile
1388 1099 1707 1148 memoratu
1750 1101 1837 1150 est
1880 1111 2053 1165 quam
2094 1093 2274 1166 facile
2302 1098 2643 1166 coaluerint,
2692 1116 2801 1172 ego

434 1248 440 1255 .
509 1205 572 1254 ut
608 1195 780 1252 libros
823 1195 1108 1270 pauciores
1153 1201 1372 1251 secutus
1405 1196 1507 1250 alii
1536 1197 1647 1252 alio
1684 1211 1841 1252 more
1872 1198 2120 1252 viventes
2149 1195 2443 1254 scriberem
2474 1199 2574 1255 hac
2608 1217 2803 1256 caussa

509 1298 772 1356 adductus
811 1315 946 1359 sum,
995 1296 1140 1371 quod
1185 1304 1433 1370 apertum
1475 1305 1561 1354 est
1602 1313 1714 1352 non
1755 1298 1822 1354 de
1862 1297 2053 1354 multis
2096 1256 2423 1362 hominibus,
2470 1299 2613 1358 inter
2657 1320 2801 1377 quos

510 1417 716 1458 summa
759 1401 832 1456 sit
875 1417 1088 1456 morum
1130 1398 1418 1454 divor-sitas
1459 1415 1522 1457 ac
1564 1398 1815 1462 varietas,
1860 1399 1983 1462 dici,
2026 1408 2111 1456 set
2160 1401 2227 1456 de
2268 1400 2477 1458 duabus
2522 1404 2799 1476 gentibus,

509 1502 653 1559 inter
699 1519 832 1575 quas
869 1489 1082 1557 morum
1121 1501 1227 1556 suit
1269 1501 1588 1564 divorsitas‚
1636 1517 1795 1574 quem
1831 1501 1897 1556 ad
1934 1502 2151 1558 modum
2200 1502 2417 1575 generis
2454 1512 2509 1560 et
2556 1504 2797 1580 linguae.

508 1605 672 1662 Alius
707 1611 885 1658 autem
926 1620 1048 1659 cum
1093 1618 1252 1676 saepe
1295 1602 1361 1658 (16
1405 1601 1580 1659 altero
1624 1603 1837 1659 dicatur
1881 1601 2049 1676 (Caes.
2096 1603 2152 1658 B.
2198 1603 2255 1659 G.
2290 1605 2312 1660 I
2359 1613 2408 1668 1,
2444 1615 2492 1666 1.
2540 1605 2645 1662 Cic.
2683 1625 2797 1664 666.

497 1705 576 1761 ’Ν
615 1711 699 1768 19,
743 1703 850 1779 29),
897 1722 997 1760 nec
1041 1705 1218 1760 minus
1263 1721 1424 1778 saepe
1469 1707 1619 1762 alius
1666 1708 1840 1761 alium
1878 1703 2038 1760 simil.
2080 1706 2146 1762 de
2190 1706 2434 1769 duobus,
2480 1706 2575 1763 11111
2616 1709 2803 1765 divor-

507 1807 686 1865 sitatis
717 1791 871 1863 notio
912 1807 1204 1881 premenda
1249 1814 1347 1869 est,
1396 1806 1543 1863 velut
1581 1823 1667 1882 ap.
1706 1807 1885 1882 ipsum
1934 1805 2063 1862 Sall.
2112 1807 2222 1863 Cat.
2266 1813 2360 1870 54,
2408 1817 2466 1868 l:
2512 1809 2602 1866 his
2647 1809 2802 1883 (Cae-

507 1909 618 1966 sari
663 1918 719 1967 et
757 1889 968 1981 Catoni)
1011 1938 1083 1949 —
1125 1906 1318 1979 fuere,
1366 1911 1697 1981 maynitudo
1750 1909 1929 1964 animi
1942 1926 2085 1980 par,
2132 1911 2263 1965 item
2294 1911 2499 1981 yloria,
2544 1919 2631 1968 set
2676 1901 2805 1970 alia

505 2013 609 2068 alii
645 2011 774 2084 (cfr.
835 2011 944 2067 Liv.
991 2010 1012 2065 1
1056 2016 1154 2072 21,
1200 2017 1232 2070 6
1278 2017 1332 2065 et
1371 2016 1465 2074 25,
1521 2018 1553 2070 5
1599 2009 1728 2084 ibiq.
1773 2009 2188 2084 Weissenborn)
2238 2041 2346 2074 -‚
2406 2029 2505 2069 cur
2563 2013 2803 2088 pluralis

445 2131 456 2146 ·
505 2115 607 2170 alii
643 2130 745 2188 pro
791 2115 963 2170 alteri
1001 2111 1107 2168 (1161
1150 2128 1262 2168 11611
1308 2112 1501 2187 possit,
1545 2129 1655 2168 non
1692 2111 1983 2186 perspicio.
2066 2111 2174 2170 Nec
2227 2129 2355 2168 vero
2400 2113 2591 2172 dubito
2639 2115 2799 2190 quin,

505 2232 642 2290 quae
679 2223 763 2272 est
807 2216 861 2270 in
890 2213 1076 2270 multis
1111 2213 1194 2270 vel
1227 2231 1382 2270 caeca
1419 2207 1667 2270 c⁸odicum
1706 2213 2009 2276 admiratio,
2042 2214 2127 2270 vel
2162 2213 2800 2288 obloquendistudium,

502 2298 752 2374 exstituri
796 2297 921 2378 sint,
969 2315 1062 2389 qui
1101 2319 1252 2372 alius
1296 2316 1408 2371 alio
1449 2315 1527 2371 ita
1565 2303 1854 2371 defendere
1898 2324 2183 2379 conentur,
2228 2323 2291 2372 ut
2335 2315 2651 2375 Sallustium
2706 2319 2803 2378 his

500 2416 748 2474 homines
799 2417 1095 2490 utriusque·
1134 2417 1314 2491 gentis
1365 2417 1510 2472 inter
1566 2433 1625 2472 se
1680 2417 2015 2479 conmixtos,
2076 2433 2311 2490 quorum
2364 2419 2572 2476 vicinus
2602 2420 2804 2479 alium

501 2536 660 2593 quam
701 2517 908 2575 vicinus
948 2536 1154 2575 morem
1213 2525 1431 2575 secutus
1489 2518 1593 2580 sit,
1658 2518 1812 2591 quasi
1865 2517 2159 2592 depingere
2210 2519 2415 2596 dicant,
2474 2521 2671 2595 quibus
2732 2535 2804 2581 ut

499 2627 751 2678 contorta
797 2619 1152 2694 simplicibus,
1193 2620 1376 2694 inepta
1409 2619 1569 2694 aptis,
1614 2626 1763 2676 recte
1806 2619 2062 2694 cogitatis
2094 2629 2288 2694 argute
2316 2629 2601 2679 conmenta
2631 2642 2801 2699 prae-

498 2721 677 2778 ferant
717 2721 992 2795 permitto.
1124 2789 1127 2791 ,

637 2821 778 2879 .Cat.
824 2829 886 2886 8,
927 2829 962 2882 4
1005 2830 1294 2898 postquam
1336 2823 1643 2897 expositum
1700 2830 1785 2880 est
1832 2823 2246 2880 Atheniensium
2299 2841 2387 2880 res
2432 2833 2615 2899 gestas
2658 2845 2801 2902 pro-

495 2932 684 3000 pterea
723 2942 827 3000 pro
871 2925 1134 2981 maxumis
1189 2923 1486 2987 celebrari,
1546 2924 1692 2998 quod
1748 2924 1825 2980 ibi
1869 2925 2201 3000 scriptorum
2245 2926 2525 3001 praeclara
2570 2929 2801 3002 ingenia

495 3026 902 3102 provenissent,
949 3027 1082 3084 haec
1126 3033 1460 3101 sequuntur:
1519 3026 1616 3083 Ila
1660 3043 1861 3083 eorum
1903 3029 2003 3099 qui
2044 3041 2114 3082 ea
2152 3027 2353 3100 fecere
2397 3031 2580 3086 virtus
2622 3037 2801 3089 tanta

492 3129 768 3198 habetur',
815 3137 1093 3202 quantum
1135 3145 1205 3186 ea
1253 3129 1440 3187 verbis
1469 3133 1719 3199 potuere
1762 3130 2041 3185 extollere
2080 3132 2360 3200 preclara
2409 3133 2670 3206 inqenia,
2734 3135 2798 3191 in

494 3231 692 3306 quihus
725 3230 904 3288 verbis
933 3221 1074 3287 *libri
1110 3230 1360 3305 plerique
1398 3238 1456 3286 et
1497 3230 1711 3305 optumi
1754 3229 2123 3287 consentiunt.
2216 3231 2309 3288 Set
2354 3247 2559 3308 quaeso
2602 3251 2798 3294 nonne

489 3331 704 3390 miraris
758 3332 1156 3406 tautologiam?
1250 3333 1331 3388 Ad
1382 3332 1510 3406 quid
1578 3331 1721 3389 enim
1789 3347 1986 3388 eorum
2048 3361 2131 3372 —-
2199 3347 2269 3390 ea
2320 3363 2405 3374 --
2456 3349 2528 3392 ea
2590 3338 2797 3394 referri

490 3440 751 3509 possunt,
817 3434 923 3490 nisi
997 3433 1064 3490 ad
1128 3433 1476 3490 Atheniensis
1546 3450 1844 3508 eorumque
1904 3433 2096 3491 iacta?
2196 3434 2332 3503 Quid
2399 3451 2529 3492 vero
2596 3437 2795 3504 refert,

491 3544 682 3591 eorum
751 3551 984 3608 quorum
1051 3535 1192 3591 facta
1262 3551 1370 3608 quo
1431 3535 1691 3592 maxumis
1758 3535 2024 3593 celebrari
2088 3536 2233 3593 dicta
2310 3536 2447 3602 sint,
2527 3539 2797 3598 virtutem

489 3642 694 3693 tantam
759 3636 948 3692 haberi
1008 3637 1147 3701 dici,
1229 3645 1491 3710 quantum
1538 3637 1860 3712 'scriptores
1921 3636 2186 3694 extollere
2251 3640 2571 3713 potuerint?
2654 3643 2795 3714 quid

487 3755 712 3795 necesse
777 3737 831 3794 id
878 3755 944 3794 ex
1007 3717 1454 3812 praecedentibus
1526 3739 1731 3813 conligi
1802 3738 1939 3813 (cfr.
1999 3745 2058 3803 2,
2123 3746 2173 3800 8.
2234 3745 2297 3804 7,
2358 3739 2463 3814 6)?
2566 3741 2797 3802 Scilicet

480 3839 895 3897 Atheniensium
939 3856 1122 3896 rerum
1175 3849 1452 3914 gestarum
1501 3840 1680 3914 gloria
1720 3859 1837 3897 eam
1896 3839 1966 3896 611
2025 3858 2270 3898 caussam
2322 3850 2789 3910 conmemoratur,

485 3949 548 3998 ut
591 3941 838 4016 exemplo
893 3941 1246 3999 confirmetur
1295 3942 1347 3998 id
1398 3943 1544 4017 quod
1596 3943 1837 4017 positum
1898 3949 2013 3999 est:
2080 3943 2354 4000 fortunam
2408 3963 2499 4002 res
2558 3953 2791 4006 cunctas

483 4061 550 4100 ex
592 4042 836 4100 lubidine
877 4045 1049 4118 magis
1099 4061 1260 4119 quam
1299 4062 1364 4101 ex
1400 4061 1531 4100 vero
1578 4043 1859 4101 celebrare
1901 4051 2065 4117 atque
2109 4043 2423 4103 obscurare.
2510 4046 2624 4103 Hoc
2669 4046 2791 4105 sin-

483 4143 674 4218 gulare
729 4145 1032 4220 exemplum
1081 4146 1185 4203 iam
1241 4147 1306 4202 ad
1363 4163 1551 4202 omnes
1604 4146 1889 4202 transferri
1945 4145 2218 4220 particula
2273 4150 2353 4217 ita
2404 4147 2523 4204 luce
2574 4146 2787 4209 clarius

470 4227 736 4303 ostendit.
837 4247 950 4314 Qua
996 4263 1054 4303 re
1110 4263 1310 4302 eorum
1373 4264 1486 4304 non
1545 4246 1610 4304 ad
1667 4247 2013 4304 Atheniensis
2068 4256 2306 4324 spectat,
2366 4257 2453 4306 set
2512 4236 2787 4324 sequente

493 4331 738 4404 membro
790 4345 1017 4404 relativo
1060 4346 1334 4404 definitur.
1424 4348 1580 4417 Quod
1626 4349 1673 4406 si
1720 4349 1797 4406 ita
1841 4357 1952 4414 est,
2010 4366 2082 4407 ea
2134 4349 2423 4410 delendum
2482 4360 2537 4409 et
2574 4351 2787 4426 fecere
