3042 4917
523 280 603 343 18
1214 300 1820 361 coNMEN'rA'rmnuu
1861 297 2003 340 oAP.
2050 297 2117 337 11.

520 454 695 518 disse,
756 464 811 540 et
864 455 1039 510 oratio
1083 462 1231 511 recte
1289 472 1347 511 se
1400 454 1623 511 habebit
1679 440 1856 528 neque
1899 468 1988 507 res
2036 449 2138 507 ulli
2189 449 2514 507 dubitationi
2575 448 2808 507 obnoxia

520 557 627 613 erit
648 549 725 630 ¹1).

690 656 1039 714 Admirabilia
1080 674 1251 732 porro
1296 666 1455 721 sunt,
1513 674 1650 732 quae
1694 656 1806 712 Cat.
1851 662 1948 717 28,
1991 664 2019 715 1
2065 653 2354 727 leguntur,
2403 652 2466 709 G.
2515 644 2839 709 Cornelius'

518 747 693 833 eques
731 760 1031 816 Romanus
1080 775 1318 831 operam
1363 776 1530 816 suam
1566 760 1858 832 pollicitus
1909 765 1965 813 et
2018 773 2149 812 cum
2199 772 2264 813 eo
2283 756 2368 819 ‚L.
2422 752 2810 827 Varyunteius

518 868 755 919 senator
794 864 1140 918 constituere
1182 878 1253 917 ea
1296 866 1459 919 nocte
1501 863 1680 934 paulo
1718 867 1851 933 post
1893 876 2024 917 cum
2071 856 2315 915 armatis
2355 857 2678 913 hominibus
2729 856 2806 911 si-

446 984 451 993 ·
517 967 640 1023 cuti
674 966 987 1021 salutatum
1022 964 1263 1020 introire
1308 966 1388 1020 ad
1432 964 1760 1021 Ciceronem
1798 980 1869 1019 ac
1904 964 1976 1017 de
2009 961 2303 1032 inproviso
2345 956 2500 1016 domi
2535 972 2678 1013 suae
2719 959 2806 1011 in-

511 1072 793 1138 paratum
836 1064 1164 1137 confodere.
1252 1065 1389 1134 Quid
1446 1066 1627 1123 enim?
1678 1064 1758 1120 illi
1812 1062 2060 1121 homines
2119 1071 2224 1118 tam
2277 1061 2463 1118 stolidi
2508 1060 2692 1121 suere,
2745 1065 2809 1113 ut

518 1170 641 1225 cuni
684 1167 905 1224 armatis
950 1167 1015 1222 ad
1060 1166 1382 1226 Ciceronem
1423 1168 1656 1224 introire
1703 1174 1758 1222 et
1797 1175 1977 1223 tamen
2022 1164 2404 1239 salutationem
2449 1180 2507 1219 se
2551 1160 2807 1217 simulare

519 1286 683 1345 posse
738 1269 1057 1325 crederent?
1136 1267 1275 1341 (Csr.
1324 1268 1603 1351 Hagen‘l.
1659 1287 1705 1325 c.
1765 1287 1819 1345 p.
1878 1275 1912 1329 6
1961 1266 2120 1340 extr.)
2213 1261 2349 1333 Quid
2398 1264 2602 1340 porro?
2659 1263 2806 1317 itane

518 1371 801 1428 vecordem
860 1370 1175 1427 Sallustium
1234 1371 1411 1427 credis
1466 1371 1666 1435 fuisse,
1720 1378 1784 1427 ut
1839 1378 1946 1426 tam
2004 1371 2187 1443 inepta
2245 1384 2466 1423 narrare
2525 1364 2808 1439 potuerit?

520 1473 771 1542 Quamvis
808 1472 866 1528 in
904 1472 1025 1529 aliis
1062 1471 1229 1546 longe
1272 1472 1339 1528 ab
1384 1472 1642 1530 Sallustio
1672 1473 1998 1546 discrepent,
2045 1479 2225 1527 tamen
2265 1468 2440 1527 multo
2483 1465 2808 1542 prudentius

520 1593 637 1631 eam
690 1592 805 1631 rem
859 1584 1153 1631 narrarunt
1206 1573 1434 1648 Appian.
1516 1574 1569 1630 b.
1627 1592 1674 1631 c.
1726 1575 1770 1630 11
1815 1582 1851 1635 3
1899 1592 1953 1649 p.
1998 1579 2102 1635 538
2155 1571 2315 1629 Bekk.
2383 1563 2650 1626 Λέντλον
2697 1560 2808 1642 μὲν

519 1664 703 1735 αὐτὸν
746 1670 847 1733 καὶ
888 1670 1169 1751 Κέθηγον
1212 1668 1562 1751 ἐφεδρεῦσαι
1604 1676 1734 1747 ταῖς
1765 1668 2103 1752 Κικέρωνος
2137 1664 2360 1749 θύραις
2393 1664 2528 1747 περὶ
2560 1664 2638 1727 ἕω
2663 1657 2810 1744 μετὰ

522 1771 947 1856 κεκρυμμένων
978 1772 1276 1850 ξιφιδίων,
1308 1770 1688 1853 ἐσδεχθέντας
1723 1771 1788 1835 δὲ
1823 1764 1925 1835 διὰ
1950 1766 2060 1851 τὴν
2079 1762 2323 1845 ἀξίωσιν
2351 1768 2452 1831 καὶ
2487 1771 2812 1841 λαλοῦντας

518 1868 689 1953 ὁτιδὴ
716 1876 983 1955 μηκῦναι
1025 1864 1137 1953 τὴν
1170 1866 1411 1955 ὁμιλίαν
1454 1874 1519 1936 έν
1566 1868 1870 1957 περιπάτῳ
1915 1874 2017 1936 καὶ
2059 1878 2289 1935 κτεῖναι
2331 1865 2810 1952 περισπάσαντας

516 1969 637 2041 ἀπὸ
668 1980 789 2041 τῶν
826 1971 1042 2056 ἄλλων,
1064 1988 1121 2037 et
1155 1980 1297 2038 Plut.
1334 1982 1439 2039 Cic.
1490 1990 1557 2044 16
1590 1972 1884 2059 Μάρκιον
1915 1974 1977 2038 δὲ
2013 1974 2114 2037 καὶ
2141 1974 2424 2055 Κέθηγον
2471 1971 2673 2033 ἐλθεῖν
2707 1970 2808 2031 ἐπὶ

516 2077 622 2155 τὰς
664 2074 863 2160 θύρας
902 2078 1095 2142 ἕωθεν
1134 2069 1211 2152 ὡς
1252 2070 1700 2159 ἀσπασομένους
1741 2070 1844 2141 τὸν
1878 2076 2188 2159 Κικέρωνα
2228 2074 2330 2138 καὶ
2373 2067 2811 2157 διαχρήσασθαι

518 2176 956 2265 προσπεσόντας
1010 2185 1139 2258 (cfr.
1185 2194 1469 2259 praeterea
1507 2188 1652 2243 Cass
1695 2186 1790 2243 Dio
1833 2186 2058 2242 XXXVII
2098 2184 2204 2259 32).
2284 2184 2413 2241 Cum
2457 2183 2561 2239 iam
2607 2180 2808 2237 librum

518 2291 585 2347 de
631 2290 888 2347 Catilinae
942 2288 1319 2345 coniuratione
1364 2288 1528 2345 etiam
1570 2288 1691 2345 aliis
1734 2289 1870 2347 locis
1914 2287 2166 2345 mutilum
2191 2298 2328 2344 ‘esse
2371 2284 2806 2359 cognoverimus,

518 2392 785 2448 iniuriane
824 2390 1150 2467 scriptorem
1196 2391 1418 2447 summis
1460 2391 1685 2465 ineptiis
1722 2391 1954 2447 liberare
1977 2389 2316 2451 ·videbimur,
2357 2389 2402 2445 si
2445 2388 2706 2445 excidisse
2750 2386 2808 2442 in

520 2495 638 2551 eius
674 2493 829 2549 libris
876 2492 1246 2556 statuerimuS,
1306 2493 1452 2566 quod
1496 2492 1561 2548 ad
1607 2510 1766 2567 quem
1814 2490 1972 2550 usum
2027 2490 2109 2547 illi
2154 2491 2433 2547 hominum
2477 2496 2809 2546 armatorum

519 2602 835 2652 comitatum
873 2592 1299 2667 postulavissent
1342 2594 1685 2650 contineret?

690 2695 801 2753 Cat.
846 2701 945 2757 32,
988 2702 1016 2754 1
1060 2712 1182 2752 cum
1224 2696 1393 2752 ceteri
1438 2695 1678 2751 editores
1720 2702 1835 2751 tum
1879 2713 1983 2769 ego
2024 2694 2274 2751 certatim
2318 2711 2420 2751 nos
2459 2692 2716 2751 torsimus
2751 2691 2807 2747 in

518 2797 873 2855 defendundis
928 2803 1093 2871 atque
1134 2797 1461 2870 explicandis
1503 2782 1684 2853 vefflis
1730 2813 1913 2870 neque
1969 2795 2216 2853 insidiae
2270 2798 2494 2853 consuli
2524 2796 2808 2867 procede-

520 2902 686 2969 bant,
748 2906 832 2957 set
882 2899 1101 2955 frustra.
1175 2900 1305 2955 Nam
1354 2900 1463 2956 sive
1508 2897 1720 2956 dativus
1779 2899 1845 2955 ab
1891 2898 2232 2956 substantivo
2285 2899 2521 2973 pendere
2564 2904 2804 2971 putatur,

518 3002 848 3061 insolentior
880 3002 1217 3059 constructio
1264 3010 1375 3066 est,
1424 3002 1552 3075 quia
1593 3000 1838 3059 insidiae
1877 3018 1988 3057 non
2034 3000 2100 3055 ab
2143 3001 2414 3057 insidiari
2453 2999 2698 3061 ducitur,
2744 3006 2808 3053 ut

518 3108 866 3163 intercessor
902 3104 969 3160 ab
1010 3106 1384 3173 intercedere,
1429 3106 1836 3177 obtemperatio
1870 3104 1936 3159 ab
1966 3088 2378 3176 obtemperare,
2424 3100 2626 3158 relicua
2669 3116 2808 3175 quae

518 3228 641 3267 cum
692 3210 799 3266 hoc
862 3207 986 3264 loco
1039 3224 1402 3283 conparavere
1457 3206 1670 3280 Kriiger
1721 3206 1809 3261 Gr.
1863 3206 1954 3261 lat.
2015 3206 2069 3277 S.
2127 3212 2231 3267 362
2285 3212 2400 3261 not.
2459 3224 2512 3279 p.
2565 3210 2672 3263 482
2723 3220 2806 3277 sq.

518 3310 913 3367 Weissenborn
956 3308 1045 3364 Gr.
1091 3308 1183 3364 lat.
1232 3308 1287 3380 S.
1320 3316 1426 3369 303
1474 3326 1528 3364 n.
1574 3316 1624 3371 3,
1663 3308 1773 3363 sive
1803 3308 1866 3364 ad
1913 3306 2136 3363 verbum
2171 3307 2494 3364 reserundus
2535 3312 2806 3366 censetur,

517 3413 667 3469 verbi
702 3412 1024 3484 procedere
1068 3428 1201 3466 usus
1253 3410 1461 3473 obstat,
1519 3427 1642 3466 cum
1697 3426 1806 3484 quo
1865 3408 2076 3465 dativus
2124 3408 2342 3467 iunctus
2386 3423 2651 3481 nusquam
2696 3423 2808 3461 non

518 3513 787 3587 significat
828 3530 966 3575 eum,
996 3512 1082 3567 cui
1129 3511 1331 3585 aliquid
1373 3510 1565 3568 utilem
1609 3519 1665 3567 et
1709 3512 1911 3567 bonum
1956 3529 2266 3569 successum
2313 3510 2524 3571 habeat,
2569 3508 2808 3564 fructum

518 3623 574 3671 et
602 3614 894 3671 utilitatem
926 3613 1199 3687 praebeat,
1239 3630 1338 3669 nec
1378 3621 1525 3670 recte
1567 3590 1905 3688 conparatur·
1929 3613 2054 3669 infr.
2081 3621 2115 3673 2
2154 3612 2400 3671 insidias
2432 3613 2656 3669 consuli
2687 3628 2806 3665 ma-

516 3722 725 3780 turent,
771 3715 1026 3789 quoniam
1066 3715 1120 3771 in
1154 3720 1453 3771 maturare
1497 3692 1642 3772 inest
1679 3716 1835 3771 notio
1881 3722 2090 3771 mature
2134 3716 2398 3789 parandi,
2457 3730 2632 3787 neque
2677 3730 2807 3768 con-

516 3819 648 3879 ferri
691 3826 957 3892 possunt,
1008 3817 1075 3872 de
1122 3816 1319 3891 quibus
1370 3817 1666 3893 disputavit
1708 3818 1930 3892 Madvig.
1977 3817 2065 3873 Gr.
2115 3817 2207 3873 lat.
2255 3818 2308 3889 S.
2351 3824 2449 3875 241
2497 3815 2618 3871 adn.
2666 3821 2700 3873 2
2739 3808 2803 3887 ²).

514 3922 622 3977 lam
668 3921 1046 3995 qui-naturam
1076 3917 1340 3976 librorum
1381 3936 1543 3977 manu
1568 3920 1897 3995 scriptorum
1935 3919 2162 3981 noverit,
2199 3935 2309 3975 non
2349 3917 2634 3979 dubitabit,
2676 3916 2806 3990 quin

588 4086 637 4151 1)
662 4086 815 4137 Nihil
838 4086 895 4135 in
917 4085 1024 4135 hac
1038 4086 1359 4151 quaestione
1373 4086 1630 4136 'tribuen—
1751 4085 1815 4151 2)
1861 4086 1944 4136 Ne
1995 4086 2117 4151 quis
2165 4085 2410 4150 obponat.
2444 4082 2562 4133 Atti
2598 4082 2665 4131 fr.
2703 4080 2805 4130 214

517 4170 643 4221 dum
689 4186 808 4222 esse
856 4172 909 4221 ei
954 4172 1063 4235 rei,
1112 4172 1255 4237 quod
1300 4172 1357 4221 in
1392 4169 1452 4237 g*
1500 4177 1630 4222 ante
1687 4170 1770 4220 ed.
1811 4170 1974 4221 Ribb.
2021 4175 2204 4220 multae
2241 4172 2458 4219 insidiae
2493 4174 2608 4217 sunt
2643 4168 2800 4223 bonis,

514 4272 580 4306 ea
613 4272 672 4306 re
708 4272 901 4307 rasura
936 4262 1048 4320 est,
1091 4258 1185 4307 vix
1222 4262 1305 4307 est
1341 4256 1485 4321 quod
1520 4272 1632 4306 mo·
1685 4272 1878 4307 moneo
1928 4256 2091 4319 longe
2142 4254 2295 4304 aliud
2332 4270 2452 4304 esse
2491 4252 2634 4318 quod
2671 4250 2803 4300 mihi

516 4357 701 4393 neam.
1685 4342 1777 4404 sit,
1817 4356 1978 4406 quam
2016 4340 2160 4405 quod
2195 4338 2330 4389 mihi
2365 4337 2648 4405 procedat.

3007 2477 3015 2558 Ι
