3042 4917
524 217 619 328 '52
742 238 751 243 ·
1210 247 1834 301 connum-Armua
1874 255 2016 303 cAr.
2063 254 2154 305 iv.

538 424 643 471 tur.
727 410 860 468 Tum
906 417 1110 467 auctor
1154 416 1477 486 quamquam
1518 412 1661 488 apud
1705 412 2020 473 Ciceronem
2061 402 2126 473 ‘et
2170 415 2312 475 alios
2353 436 2538 477 rerum
2581 419 2841 497 scriptor

536 517 667 571 haut
708 531 836 570 raro
876 512 1091 575 dicitur,
1136 520 1315 569 tamen
1354 513 1405 568 id
1446 514 1519 570 ita
1569 532 1786 591 semper
1829 518 2030 574 factum
2073 528 2174 582 est,
2219 530 2283 577 ut
2325 522 2500 594 magis
2552 524 2647 597 qui
2691 525 2837 597 quid

534 635 717 673 verum
758 624 906 672 esset
950 614 1295 677 ostendisset,
1340 632 1501 689 quam
1546 618 1639 689 qui
1695 636 1784 674 res
1843 630 2135 683 narrasset,
2194 621 2595 696 intellegendus
2656 635 2834 686 esset.

422 780 439 793 l
535 721 587 776 id
630 719 780 793 quod
828 716 894 772 ab
938 716 990 771 h.
1036 716 1071 770 l.
1116 716 1367 772 alienum.
1452 718 1692 792 Denique
1731 721 1916 776 eadem
1943 722 2048 778 hoc
2083 722 2206 781 loco
2239 722 2516 799 obpositio
2544 734 2648 788 est,
2683 744 2830 800 quae

532 823 600 878 ab
644 822 881 877 Homero
924 835 1099 891 usque
1154 834 1257 892 per
1306 835 1519 875 omnem
1565 821 1945 896 antiquitatem
2001 823 2232 880 manavit
2275 823 2460 897 (Hom.
2502 826 2564 881 ll.
2604 828 2675 883 IX
2715 836 2828 889 443

532 915 753 998 μύθων
781 939 843 977 τε
874 907 1086 996 ῥητῆρ’
1130 914 1329 992 ἔμεναι
1361 917 1680 994 πρηκτῆρά
1706 942 1768 979 τε
1799 918 2023 999 ἔργων,
2069 927 2216 999 quod
2247 926 2352 982 Cic.
2398 929 2449 984 d.
2497 945 2579 984 or.
2623 929 2692 984 111
2735 938 2822 991 15,

534 1032 600 1087 57
640 1022 934 1098 expressit:
992 1030 1280 1078 oratorem
1330 1024 1632 1080 verborum
1674 1032 2040 1098 actoremque
2094 1029 2324 1100 rerum)
2343 1070 2360 1096 ‚
2419 1046 2597 1103 eoque
2641 1031 2823 1086 minus

534 1126 661 1184 Sall.
693 1132 985 1181 auctorem
1021 1141 1203 1180 rerum
1241 1124 1413 1179 actori
1452 1125 1731 1200 obponere
1760 1128 1958 1201 potuit,
2007 1129 2148 1202 quod
2181 1134 2388 1187 auctor
2423 1147 2622 1187 rerum
2653 1131 2821 1187 etiam

534 1230 579 1285 is
625 1236 725 1290 est,
774 1227 867 1300 qui
918 1225 1151 1282 consilio
1196 1226 1373 1301 praeit
1417 1244 1479 1282 ac
1521 1229 1666 1301 regit
1710 1246 1826 1291 res,
1881 1246 2004 1286 cum
2046 1248 2150 1305 pro
2191 1239 2426 1289 oratore
2477 1241 2626 1289 recte
2671 1235 2820 1289 scri-

523 1338 664 1402 ptor
702 1328 1090 1385 substituatur.
1180 1328 1349 1384 Multo
1394 1328 1567 1401 magis
1610 1331 1806 1386 merito
1851 1331 1964 1404 lug.
2001 1340 2046 1394 1,
2077 1340 2110 1392 5
2144 1348 2312 1387 suam
2343 1336 2552 1405 quique
2584 1336 2820 1406 culpam

532 1439 759 1488 actores
816 1432 893 1486 ad
944 1431 1170 1501 περσεία
1223 1428 1594 1501 transferunt
1647 1431 1884 1487 dubitari
1941 1431 2154 1489 videtur
2205 1451 2274 1491 an
2329 1435 2679 1492 scribundum
2744 1436 2822 1491 sit

532 1541 815 1589 auctores.
902 1531 1067 1586 Recte
1112 1530 1256 1585 enim
1294 1530 1343 1585 ei
1388 1532 1479 1603 qui
1516 1530 1750 1589 consilio
1805 1551 1906 1590 suo
1965 1552 2078 1591 rem
2135 1537 2434 1608 gerundam
2473 1537 2820 1613 praecipiunt

530 1642 586 1691 et
623 1641 850 1706 regunt,
891 1631 925 1688 i.
966 1649 1012 1687 e.
1058 1640 1337 1694 auctores,
1384 1650 1489 1706 pro
1535 1652 1592 1690 se
1637 1634 1770 1708 ipsis
1815 1636 2038 1708 negotia
2082 1637 2338 1693 adcusare
2391 1639 2681 1703 dicuntum
2731 1648 2844 1702 set,

528 1754 651 1793 cum
691 1733 1062 1790 vetustissumi
1107 1734 1162 1789 in
1208 1742 1433 1790 actores
1474 1736 1550 1792 ita
1593 1737 1965 1800 consentiant,
2011 1746 2071 1793 ut
2115 1746 2382 1795 auctores
2422 1741 2603 1797 minus
2647 1749 2818 1797 testa-

530 1848 644 1895 tum
688 1837 775 1898 sit,
812 1852 1043 1908 cumque
1089 1834 1223 1891 illud
1267 1837 1331 1892 ad
1376 1837 1730 1900 sententiam,
1779 1838 1982 1912 quippe
2023 1857 2146 1895 cum
2190 1840 2381 1913 plures
2417 1840 2815 1916 conplectatur,

529 1940 703 2013 magis
752 1937 1005 1994 idoneum
1069 1938 1168 2000 sit,
1227 1938 1684 2011 adquiescendum
1727 1940 1956 1995 videtur.
2061 1940 2311 2013 Ceterum
2378 1960 2487 2016 quo
2534 1943 2818 2017 proverbii

528 2042 762 2117 speciem
794 2057 923 2114 prae
955 2058 1012 2096 se
1054 2040 1197 2095 ferre
1227 2056 1288 2095 ea
1328 2040 1504 2103 verba,
1554 2041 1606 2096 id
1649 2042 1795 2114 quod
1826 2041 1954 2097 olim
1989 2042 2390 2106 contenderam,
2421 2044 2816 2109 declararetur,

524 2146 888 2217 Lahmeyerus
936 2141 1066 2197 Nov.
1115 2145 1247 2196 Anu.
1290 2140 1488 2197 LXXVI
1538 2162 1590 2216 p.
1639 2150 1743 2203 148
1780 2143 2019 2199 ostendit
2059 2144 2164 2200 Cic.
2208 2143 2388 2201 locum
2432 2146 2544 2202 Cat.
2591 2147 2718 2203 mai.
2759 2156 2812 2209 5,

533 2254 596 2306 14
632 2262 741 2301 sua
784 2248 932 2300 enim
968 2246 1103 2300 vitia
1145 2244 1477 2314 insipientes
1518 2251 1574 2299 et
1614 2260 1779 2299 suam
1824 2246 2056 2315 culpam
2099 2249 2178 2302 ad
2225 2254 2570 2303 senectutem
2618 2255 2814 2305 trans-

518 2349 742 2422 ferunt.

695 2447 808 2502 Cat.
852 2452 913 2509 7,
961 2453 994 2506 6
1050 2452 1345 2519 praeeunte
1392 2444 1658 2518 Sellingio
1718 2448 1926 2502 emend.
1985 2446 2111 2503 Sall.
2163 2466 2216 2523 p.
2283 2457 2340 2508 11
2399 2468 2479 2523 sq.
2539 2440 2811 2509 Nauckius

526 2550 597 2625 (d.
646 2552 825 2607 Vorw.
874 2565 941 2602 zu
970 2547 1097 2603 Sall.
1136 2546 1247 2601 Cat.
1274 2546 1548 2601 Verschw.
1585 2546 1840 2621 Kbnigsb.
1887 2549 1943 2604 in
1987 2549 2038 2604 d.
2071 2549 2130 2604 N.
2169 2549 2324 2623 1850)
2353 2570 2408 2625 p.
2438 2562 2471 2611 5
2511 2552 2810 2609 verissume

526 2650 831 2709 observavit
858 2652 941 2705 sic
971 2658 1093 2704 ante
1120 2663 1181 2703 se
1204 2628 1443 2719 quisque
1468 2646 1656 2719 ferire
1685 2648 1838 2705 nullo
1875 2650 2037 2705 modo
2077 2651 2207 2706 ferri
2232 2669 2414 2724 posse,
2461 2670 2688 2727 eamque
2735 2654 2808 2709 ob

524 2772 769 2810 caussam
810 2750 1163 2807 scribundum
1204 2766 1325 2805 esse
1368 2749 1603 2805 coniecit
1644 2748 1795 2820 sese,
1849 2752 1995 2825 quod
2051 2753 2258 2827 recepit
2313 2754 2596 2811 Linkerus.
2673 2755 2806 2811 Cum

524 2865 705 2913 autem
746 2852 901 2913 pm&
946 2852 1071 2907 Naz.
1117 2860 1173 2908 et
1209 2851 1409 2908 Comm.
1454 2867 1517 2907 se
1559 2852 1830 2915 omittant,
1868 2852 1922 2908 in
1957 2846 2022 2908 P¹
2069 2854 2499 2930 superscriptum
2544 2856 2636 2919 sit,
2677 2873 2808 2913 con·-

524 2968 608 3015 tra
652 2974 713 3013 se
754 2958 810 3013 in
854 2954 937 3010 GE
982 2962 1299 3028 septemque
1356 2952 1754 3009 recentioribus
1800 2954 2087 3019 exciderit,
2143 2974 2320 3031 eoque
2371 2958 2533 3014 ducat
2575 2958 2738 3015 etiam
2777 2976 2804 3013 s

512 3060 792 3136 scriptura
833 3059 887 3114 si
922 3059 1176 3129 quisque,
1196 3073 1333 3138 ‚non
1374 3055 1729 3111 dubitandum
1771 3055 1982 3113 videtur
2038 3057 2170 3131 quin
2211 3061 2296 3115 sic
2339 3058 2407 3116 ab
2449 3060 2804 3133 grammatico

456 3228 459 3231 ⁴
521 3160 951 3237 superscriptum
991 3176 1091 3233 per
1133 3157 1369 3214 relicuos
1413 3156 1588 3213 libros
1636 3158 2047 3231 permanaverit.

596 3242 621 3260 ‘⁸
691 3261 954 3330 Quoniam
991 3259 1275 3316 constabat
1330 3259 1473 3332 apud
1519 3259 1862 3333 posteriores
1917 3259 2214 3334 scriptores
2260 3278 2433 3333 quam
2481 3262 2556 3318 ita
2601 3263 2801 3319 dictum

519 3354 640 3421 esse
684 3372 746 3419 ut
787 3361 842 3417 in
883 3378 1211 3435 praegresso
1250 3360 1491 3415 membro
1538 3363 1720 3433 mayis
1766 3359 1845 3416 vel
1881 3363 2078 3432 potius
2123 3362 2385 3419 omissum
2433 3381 2554 3419 esse
2596 3364 2800 3420 videre-

519 3458 611 3521 tur
658 3464 781 3537 (vid.
830 3462 1045 3537 Grysar.
1089 3463 1205 3517 Act.
1252 3460 1439 3535 Gymn.
1478 3463 1662 3517 Austr.
1709 3460 1775 3516 lv
1819 3480 1871 3536 p.
1912 3468 1991 3523 16.
2052 3463 2210 3540 Opitz
2241 3482 2384 3539 spec.
2417 3464 2653 3521 Lexicol.
2683 3484 2798 3539 arg·

518 3577 621 3626 aet.
670 3565 970 3639 Numburgi
1021 3568 1154 3623 1852
1198 3580 1251 3636 p.
1298 3561 1425 3635 17),
1478 3564 1632 3619 fuere
1689 3564 1782 3637 qui
1830 3564 1941 3620 Cat.
1987 3571 2049 3628 8,
2095 3574 2120 3625 l
2179 3582 2250 3622 ea
2284 3582 2396 3623 res
2437 3575 2683 3624 cunctas
2723 3584 2800 3623 ex

515 3670 764 3727 lubidine
806 3685 978 3740 quam
1024 3680 1104 3721 ex
1146 3677 1279 3720 vero
1322 3665 1575 3722 celebrat
1615 3667 1998 3739 obscuratque
2051 3674 2108 3723 et
2150 3674 2212 3730 9,
2265 3676 2282 3726 1
2333 3670 2489 3740 quod
2527 3670 2803 3741 benificiis

518 3790 689 3845 quam
734 3776 887 3826 metu
925 3769 1211 3843 inperium
1266 3769 1592 3839 ayitabant,
1645 3774 1740 3830 48,
1782 3778 1816 3829 5
1871 3775 2033 3824 tanta
2089 3771 2174 3825 vis
2227 3770 2472 3826 hominis
2527 3772 2800 3827 leniunda

516 3892 689 3948 quam
747 3872 1103 3945 exayitanda
1160 3870 1457 3927 videbatur
1510 3870 1860 3926 scribundum
1917 3880 2220 3927 censerent.
2296 3874 2368 3927 At
2406 3871 2643 3945 primum
2687 3871 2799 3929 Sal-

462 3956 479 3973 ”
516 3976 738 4034 lustium
784 3974 851 4031 ab
890 3972 1283 4030 consuetudine
1322 3989 1532 4035 eorum,
1578 3972 1670 4045 qui
1717 3972 1890 4047 ipsius
1929 3980 2106 4029 aetate
2153 3972 2402 4036 floruere,
2449 3990 2559 4028 non
2599 3973 2799 4030 disces·

480 4056 651 4137 'sisse
693 4095 796 4153 per
832 4093 891 4132 se
926 4083 1351 4132 consentaneum
1396 4083 1509 4137 est,
1556 4073 1868 4130 Ciceronem
1913 4083 2094 4131 autem
2149 4083 2205 4131 et
2258 4075 2539 4131 Caesarem
2584 4082 2799 4131 constat

514 4181 667 4238 illum
708 4196 867 4236 usum
908 4176 1207 4253 particulae
1252 4192 1425 4247 quam
1464 4192 1592 4232 raro
1645 4192 1822 4249 neque
1867 4193 2120 4250 umquam
2163 4177 2269 4233 nisi
2313 4194 2435 4233 cum
2480 4176 2695 4239 verbis,
2745 4176 2796 4231 in

438 4261 441 4267 ¹
514 4257 711 4359 quibus
756 4279 999 4355 optionis
1042 4278 1125 4335 vel
1168 4274 1463 4334 voluntatis
1506 4276 1662 4333 notio
1711 4276 1942 4339 inesset,
1999 4277 2284 4335 admisisse
2329 4276 2664 4351 (Weissenb.
2711 4294 2794 4350 gr.
