3042 4917
696 337 781 382 ns
828 338 1176 381 οΑτιωΝΑΕ
1226 334 1713 378 CONIVRA'HONE
1757 333 1812 375 c,
1847 321 1895 379 6.
1927 319 1977 378 7.
2369 309 2484 374 145

192 491 413 570 quibus
474 509 693 568 corpus
745 491 914 550 annis
967 489 1295 556 infirmum,
1352 488 1652 563 ingenium
1700 487 1981 564 sapientia
2028 483 2282 544 validum
2339 493 2483 555 erat,

193 596 281 652 rei
328 592 603 673 publicae
648 589 1089 658 consultabant:
1124 592 1177 650 ei
1214 588 1304 648 vel
1335 595 1524 648 aetate
1557 587 1645 648 vel
1675 606 1854 648 curae
1885 586 2258 648 similitudine
2285 593 2486 664 patres

114 703 152 750 7
192 692 670 772 adpellabantur.
758 693 915 760 Post,
962 691 1067 751 ubi
1097 691 1327 766 regium
1371 691 1683 766 inperium,
1731 689 1889 767 quod
1926 689 2088 748 initio
2130 705 2483 748 conservan-

190 795 304 855 dae
364 779 651 854 libertatis
710 799 883 872 atque
936 792 1239 867 augendae
1294 791 1380 850 rei
1434 789 1705 867 publicae
1760 789 1984 856 fuerat,
2041 791 2100 848 in
2146 788 2484 872 superbiam

190 896 777 973 dominationemque
815 912 877 953 se
900 895 1217 960 convomit,
1263 893 1548 951 inmutato
1580 909 1746 952 more
1788 909 1982 952 annua
2018 891 2239 969 inperia
2283 889 2482 950 binos·
2505 915 2526 948 .·.

193 1016 312 1076 que
358 999 729 1075 inperatores
774 995 887 1054 sibi
931 994 1159 1062 fecere;
1210 1012 1281 1053 eo
1326 992 1503 1053 modo
1535 996 1797 1053 minume
1841 1010 2014 1073 posse
2050 990 2335 1070 putabant
2375 1011 2484 1070 per

126 1110 167 1166 7
198 1100 498 1158 licentiam
535 1097 891 1157 insolescere
938 1097 1198 1155 animum
1239 1093 1584 1155 humanum.
1677 1094 1780 1154 Set
1825 1113 1893 1154 ea
1951 1100 2293 1171 tempestate
2349 1113 2482 1154 coe·

194 1219 343 1278 pere
398 1217 460 1258 se
518 1199 765 1277 quisque
821 1198 1006 1273 magis
1062 1195 1340 1257 extollere
1394 1198 1699 1274 magisque
1745 1196 2046 1270 ingenium
2100 1197 2162 1255 in
2203 1203 2483 1274 promptu

118 1311 155 1357 2
196 1300 446 1360 habere.
528 1301 673 1358 Nam
720 1299 961 1375 regibus
1004 1297 1146 1358 boni
1183 1315 1359 1377 quam
1397 1296 1535 1357 mali
1580 1299 1973 1374 suspectiores
2011 1301 2173 1363 sunt,
2221 1313 2483 1375 semper-

113 1412 150 1463 3
193 1421 311 1480 que
358 1402 443 1461 eis
492 1399 681 1460 aliena
733 1401 917 1460 virtus
961 1398 1341 1459 formidulosa
1394 1404 1498 1458 est.
1586 1397 1689 1457 Set
1735 1399 1932 1457 civitas
1972 1396 2314 1458 incredibile
2359 1411 2552 1458 me-no

362 1605 414 1652 2.
464 1604 622 1652 Arus.
669 1618 722 1667 p.
770 1601 897 1652 219:
952 1604 1185 1652 Consulto
1221 1604 1297 1651 illi
1329 1605 1411 1650 rei
1453 1629 1521 1636 —-
1557 1600 1666 1651 Sal.
1707 1601 1815 1651 Cat.
1855 1602 1938 1651 rei
1971 1601 2231 1667 publicae
2269 1600 2483 1651 consul·

188 1673 414 1722 tabant.
1396 1717 1405 1724 ,

363 1738 413 1788 3.
451 1739 583 1788 Isid.
621 1739 701 1788 IX
726 1739 778 1800 4,
820 1737 884 1787 10
918 1756 970 1804 p.
1010 1736 1109 1788 30⁶2
1147 1736 1212 1786 Ο.
1260 1738 1450 1786 Patres
1486 1744 1663 1797 autem,
1701 1745 1755 1786 ut
1780 1739 2050 1787 Sallustius
2084 1739 2221 1796 dicit,
2261 1754 2295 1786 a
2329 1752 2483 1786 curae

185 1809 515 1857 similitudine
560 1809 727 1856 vocati
768 1813 899 1856 sunt.
973 1806 1103 1854 Nam
1146 1808 1276 1854 sicut
1317 1812 1499 1868 patres
1539 1807 1676 1867 filios
1719 1821 1838 1854 suos
1883 1809 1956 1854 ita
1991 1807 2065 1854 illi
2095 1821 2202 1854 rem
2235 1805 2486 1868 publicam

188 1873 416 1926 alebant.
490 1874 643 1924 Serv.
695 1874 765 1923 ad
801 1875 967 1938 Verg.
1004 1875 1141 1938 Aen.
1179 1874 1226 1922 V
1263 1872 1390 1922 758:
1439 1873 1517 1922 Hi
1551 1880 1738 1931 autem,
1786 1880 1840 1922 ut
1875 1873 2144 1922 Sallustius
2191 1874 2340 1930 dicit,
2392 1872 2483 1922 vel

189 1947 384 1992 aetate
424 1941 513 1991 vel
551 1957 717 1991 curae
754 1941 1117 1990 similitudine
1155 1945 1343 2005 patres
1381 1940 1652 2005 appellati
1689 1946 1835 1994 sunt.
1913 1942 1924 1946 “

364 2010 414 2058 5.
451 2010 743 2073 Augustin.
782 2009 849 2058 de
890 2010 996 2058 civ.
1034 2009 1142 2057 Dei
1180 2009 1225 2058 V
1266 2007 1353 2056 12:
1392 2009 1506 2058 hine
1553 2015 1628 2058 est
1676 2011 1814 2074 quod
1840 2012 2064 2072 reyalem
2097 2010 2484 2058 dominationem

186 2095 289 2128 non
323 2079 556 2140 ferentes
594 2091 778 2126 annua
814 2077 1048 2141 imperia
1084 2069 1351 2140 binosque
1391 2077 1751 2141 imperatores
1791 2077 1900 2126 sibi
1940 2076 2209 2124 fecerunt.

334 2144 413 2192 10.
456 2146 565 2207 Cfr.
598 2146 959 2208 Augustin.
996 2143 1121 2193 loc.
1150 2145 1231 2193 ad
1266 2141 1372 2206 9,1
1414 2143 1673 2192 conlat.
1701 2143 1767 2192 de
1795 2145 1901 2193 civ.
1927 2145 2037 2192 Dei
2060 2145 2107 2192 V
2137 2142 2226 2191 12:
2263 2150 2483 2193 secutum

185 2221 282 2272 est,
314 2215 454 2279 quod
474 2215 603 2261 idem
627 2219 807 2262 auctor
831 2216 882 2260 in
906 2213 1238 2261 Romanorum
1280 2211 1508 2260 laudibus
1527 2213 1716 2275 posuit,
1755 2213 1890 2276 quod
1914 2211 2116 2260 clvitas
2152 2210 2482 2260 incredibile

186 2285 501 2330 memoratu
538 2280 741 2344 adepta.
766 2279 1029 2329 libertate
1057 2283 1321 2344 quantum
1345 2279 1503 2328 brevi
1530 2281 1796 2341 creverit3
1833 2283 1994 2342 tanta
2031 2279 2229 2344 cupido
2267 2279 2481 2344 gloriae

185 2351 523 2410 incesserat,
565 2346 689 2411 (cfr.
722 2351 877 2412 paulo
908 2346 1074 2412 post).
2191 2350 2204 2363 ·

186 2553 235 2602 1.
278 2553 449 2602 armis
484 2552 522 2601 l.
595 2551 789 2615 quibus
838 2550 1000 2600 annis
1046 2565 1242 2615 corpus
1279 2549 1489 2600 firmum
1520 2549 1608 2602 ³112.
1681 2551 1840 2600 annis
1877 2550 2146 2600 infirmum
2184 2564 2378 2615 corpus
2416 2548 2483 2600 ε’.

182 2620 465 2670 infirmum
516 2620 675 2668 annis
713 2619 898 2682 ingen.
934 2619 1047 2667 val.
1085 2635 1203 2683 sap.
1242 2626 1362 2666 erat
1398 2635 1440 2667 r.
1510 2618 1781 2668 infirmum
1830 2624 1950 2668 erat
1987 2620 2171 2684 ingen.
2221 2635 2338 2683 sap.
2384 2633 2481 2668 va-

184 2689 365 2738 lidum
414 2686 489 2752 p⁵.
571 2687 673 2735 inf.
737 2703 811 2736 er.
860 2687 973 2752 ing.
1022 2687 1080 2735 in
1126 2686 1399 2786 sap.velval.
1446 2685 1521 2750 p3.
1595 2687 1877 2751 ingenium
1933 2704 2030 2752 pro
2087 2687 2366 2751 sapientia
2414 2684 2480 2736 ⁸¹.

182 2825 255 2834 —
307 2797 359 2844 2.
410 2797 801 2846 consultabant
838 2793 898 2860 g⁴
934 2813 995 2845 m.
1030 2796 1103 2844 II.
1185 2795 1244 2845 hi
1291 2802 1477 2845 aetate
1516 2794 1592 2860 g¹.
1687 2797 2046 2846 similitudine
2089 2813 2254 2846 curae
2293 2794 2484 2861 P⁴g²g⁴

186 2865 281 2920 (m.
312 2866 399 2927 II)
431 2864 553 2917 him.
616 2864 913 2914 solitudine
951 2864 1099 2928 p(m.
1123 2864 1199 2926 1).
1269 2865 1643 2914 sollicitudine
1671 2864 1745 2928 g0.
1794 2893 1861 2899 —
1917 2862 1965 2914 3.
2017 2866 2371 2929 appellantur
2405 2863 2481 2928 ΡΒ.

184 2933 481 2997 imperium
516 2934 725 2995 regium
759 2929 845 2980 P⁴.
917 2932 1013 2980 ubi
1049 2947 1276 2995 regnum
1317 2932 1460 2995 quod
1497 2931 1572 2996 g7.
1628 2933 1914 2996 imperium
1949 2947 2041 2981 om.
2080 2932 2155 2996 g2.
2229 2933 2285 2980 in
2324 2933 2482 2981 initio

182 2997 676 3065 p⁵p⁶gg²g⁵g⁸g⁷s¹r
696 3000 777 3061 (m.
792 3001 869 3062 11)
896 3014 947 3063 γ.
986 3000 1136 3099 -οωᾶ
1175 2999 1449 3050 libertatis
1488 3000 1865 3050 conservande
1903 2999 2144 3062 m(m.1).
2207 3015 2378 3049 causa
2414 2999 2483 3048 li-

182 3109 430 3159 bertatis
457 3107 742 3174 gg²g⁵g⁰s¹.
792 3109 1067 3158 libertatis
1096 3113 1259 3173 atque
1281 3107 1418 3174 Μῖμ.
1468 3109 1745 3159 libertatis
1772 3124 1942 3159 causa
1961 3113 2125 3173 atque
2146 3105 2482 3174 P⁸pp¹p³g³s.

185 3193 341 3227 cona.
381 3176 477 3225 lib.
518 3175 769 3242 augende
807 3177 889 3226 rei
924 3193 977 3240 p.
1018 3193 1189 3226 causa
1216 3178 1399 3226 fuerat
1422 3175 1615 3241 lp⁵g¹y.
1679 3177 1958 3226 libertatis
1993 3183 2158 3241 atque
2187 3192 2359 3227 causa
2386 3192 2482 3226 au·

183 3243 647 3310 gendae*p⁶h‹5(&.
710 3245 1087 3309 reprovandae
1126 3245 1401 3295 libertatis
1448 3251 1614 3309 atque
1663 3259 1835 3293 causa
1875 3245 2125 3308 augende
2165 3243 2240 3310 g'7.
2311 3259 2483 3294 causa

182 3331 257 3363 ex
300 3311 364 3360 12
402 3312 516 3360 Pal.
556 3311 618 3360 ab
663 3315 772 3362 solo
820 3313 851 3362 5
903 3312 1081 3362 abesse
1116 3319 1339 3362 testatur
1375 3313 1578 3362 Gruter.
1637 3327 1808 3361 causa
1843 3314 1915 3362 ad
1947 3329 2106 3376 marg.
2145 3312 2210 3362 G.
2275 3327 2482 3378 augen-

184 3383 295 3430 dae
337 3385 508 3442 atque
546 3381 626 3428 rei
663 3397 717 3444 p.
757 3379 830 3445 p³.
896 3380 1112 3444 agende
1150 3393 1196 3429 σ.
1261 3380 1446 3429 fuerat
1482 3385 1760 3444 repertum
1797 3380 1856 3429 in
1890 3396 1934 3429 r.
1971 3405 2037 3416 —
2072 3380 2121 3429 5.
2163 3395 2266 3445 que
2303 3397 2396 3431 om.
2425 3397 2480 3446 g.

182 3447 509 3513 superbiam
548 3452 604 3495 et
646 3447 1079 3496 dominationem
1115 3445 1199 3500 im.
1272 3453 1626 3498 converterat
1661 3445 1804 3497 m¹s¹.
1877 3450 2150 3498 convertit
2187 3464 2244 3498 se
2285 3449 2358 3514 gss.
2421 3465 2482 3498 se

182 3516 369 3566 abesse
406 3521 638 3565 testatum
676 3520 760 3564 est
786 3516 848 3564 ab
874 3532 969 3565 uno
996 3514 1121 3565 libro
1149 3515 1395 3573 Manutii,·
1426 3516 1844 3582 Merseburyensi
1866 3518 2010 3574 Rivii,
2055 3519 2104 3566 V
2103 3520 2235 3566 inar.
2266 3517 2289 3565 1
2324 3517 2487 3567 Cortii

183 3583 270 3646 (m.
300 3581 401 3646 11),
436 3584 563 3632 Ven.
589 3583 620 3630 2
647 3581 732 3647 (m.
752 3583 804 3646 Ι)
834 3583 1093 3633 Gerlaclu'i
1114 3583 1233 3644 (vol.
1261 3583 1317 3632 11
1334 3601 1391 3647 p.
1421 3583 1532 3647 50).
1581 3589 1792 3633 mutato
1805 3582 1941 3649 M¹p.
1981 3586 2214 3648 imperia
2230 3601 2415 3635 annua
2429 3602 2481 3651 g.

182 3651 428 3716 imperia
462 3667 576 3714 sup.
615 3655 699 3700 lin.
740 3649 802 3700 s¹.
842 3678 908 3686 —-
944 3650 993 3700 6.
1022 3655 1079 3700 et
1101 3652 1262 3700 binos
1287 3667 1329 3699 r.
1388 3652 1659 3717 binosque
1688 3652 1942 3702 consules
1969 3653 2078 3702 sibi
2115 3651 2191 3718 g3.
2252 3653 2363 3703 sibi
2389 3654 2484 3702 im-

182 3723 477 3784 peratores
524 3717 598 3783 gss.
684 3719 792 3767 sibi
838 3735 950 3782 sup.
996 3720 1082 3768 lin.
1129 3735 1181 3783 p.
1255 3734 1429 3783 eoque
1478 3721 1637 3770 modo
1685 3718 1873 3784 g²g¹s².
1951 3736 2114 3785 posse
2163 3722 2386 3770 minime
2432 3733 2481 3770 σ.

183 3787 472 3852 putabant.
504 3787 729 3835 minime
764 3802 928 3850 posse
953 3785 1038 3834 P3.
1101 3787 1327 3836 minime
1363 3789 1639 3853 putabant
1675 3803 1836 3852 posse
1873 3804 1926 3852 p.
1986 3803 2149 3852 posse
2175 3804 2268 3837 om.
2297 3788 2334 3850 1,
2369 3804 2482 3851 sup.

184 3860 273 3904 lin.
317 3852 383 3902 s¹.
458 3869 619 3919 posse
666 3855 941 3919 putabant
976 3869 1075 3919 per
1120 3853 1417 3904 licenciam
1462 3856 1685 3906 minime
1723 3873 1776 3920 g.
1844 3846 2006 3920 posse
2053 3872 2151 3920 per
2194 3855 2485 3904 licentiam

184 3922 468 3988 putabant
504 3919 655 3986 m¹g².
732 3921 1070 3971 insolescere
1115 3937 1215 3986 per
1262 3922 1355 3972 lic.
1404 3939 1445 3971 r.
1514 3923 1810 3972 humanum
1859 3924 2099 3972 animum
2146 3923 2482 3973 insolescere

184 3988 372 4056 P⁸p⁸y.
434 3989 729 4039 humanum
768 3990 1010 4039 animum
1047 3987 1171 4042 him.
1236 3990 1431 4039 eadem
1456 3995 1623 4054 temp.
1661 4007 1704 4038 r.
1745 3994 1974 4055 ceperat
2010 3989 2067 4054 p¹
2095 3988 2176 4052 (m.
2194 3990 2302 4053 11).·
2327 4015 2396 4026 —-
2429 3989 2481 4039 8.

1573 4065 1615 4090 80

186 4115 316 4150 sese
366 4099 593 4164 quisque
633 4097 707 4165 g5.
795 4100 1025 4164 quisque
1064 4114 1124 4148 se
1162 4099 1277 4164 gssa.
1352 4100 1580 4162 quisque
1630 4098 1894 4148 extollere
1921 4095 1986 4148 s¹.
2048 4100 2226 4163 magis
2273 4115 2366 4149 om.
2415 4101 2479 4162 F,

184 4183 303 4231 sup.
342 4168 429 4216 lin.
469 4166 543 4231 g³.
608 4167 875 4218 extollere
911 4167 1091 4232 magis
1128 4167 1414 4231 magisque
1452 4165 1577 4231 Eg2.
1661 4181 1764 4232 que
1809 4181 1902 4216 om.
1941 4165 1990 4214 G
2015 4164 2096 4228 (m.
2121 4168 2169 4230 Ι)
2188 4165 2264 4232 11⁶·
2325 4169 2482 4233 inge-

185 4237 340 4284 nium
376 4250 470 4285 om.
510 4252 563 4299 g.
633 4236 691 4285 in
738 4240 1009 4300 promtum
1044 4232 1129 4283 P¹.
1202 4235 1259 4283 in
1304 4240 1612 4300 promptum
1648 4233 1708 4300 1³³
1727 4233 1809 4298 (m.
1824 4235 1870 4297 Ι)
1892 4231 1965 4299 p5.
2027 4233 2085 4282 in
2120 4238 2371 4301 prompto
2407 4235 2484 4285 m²

188 4303 385 4365 (m.11).
424 4331 481 4336 -
526 4301 577 4352 9.
602 4303 810 4353 habere
848 4304 906 4352 in
941 4307 1196 4368 promptu
1230 4317 1273 4352 r.
1347 4303 1483 4351 mali
1514 4319 1609 4352 om.
1637 4319 1689 4368 p.
1752 4319 1855 4368 que
1892 4317 1985 4352 om.
2027 4299 2209 4367 M¹g⁵l‚
2244 4319 2358 4368 sup.
2393 4307 2483 4354 lin.

186 4369 281 4420 ω’.
319 4397 383 4404 —-
427 4368 505 4418 10.
555 4371 730 4421 virtus
776 4373 849 4420 ad
891 4387 1052 4436 mar-9.
1088 4368 1155 4420 ⁸¹.
1228 4370 1588 4422 formidulosa
1623 4371 1661 4421 1.
1729 4371 1840 4422 Sed
1887 4371 2104 4420 cunctis
2150 4371 2360 4423 incred.
2397 4371 2485 4428 §IR-

331 4471 611 4525 SALLus‘r.
650 4489 740 4524 m).
780 4473 1058 4523 Dmrscn.
1988 4456 2062 4518 10
