3042 4917
564 264 647 333 50
1238 283 1856 337 oommmrwsw
1899 284 2042 334 cnr.
2085 284 2170 335 w.

564 441 679 519 quo
714 447 853 503 mihi
890 447 1106 503 rectius
1148 448 1373 505 videtur
1400 440 1604 522 'utique
1649 446 1990 505 retinendum
2033 455 2134 508 est,
2164 434 2374 503 'contra
2419 444 2510 520 qui
2547 454 2632 509 44,
2657 458 2692 509 5
2737 452 2862 503 me-

561 550 801 605 mineris
854 555 907 604 te
960 551 1145 604 virum
1202 566 1326 605 6336
1371 558 1697 625 propterea,
1754 549 1900 623 quod
1953 541 2422 622 MM¹GFp¹g²g⁴s¹
2481 565 2606 605 6336
2664 553 2860 606 virum

563 651 841 727 praebent,
887 650 941 705 in
986 652 1351 725 suspicionem
1390 653 1678 715 vocaverit,
1723 651 1919 707 viderit
1963 668 2030 706 ne
2071 651 2268 707 merito
2310 650 2474 707 homo
2509 651 2856 725 suspiciosus

562 754 761 812 audiat.
865 752 972 807 Nec
1014 752 1188 826 magis
1238 753 1352 825 lug.
1400 760 1496 817 20,
1548 762 1576 813 l
1633 761 1856 809 certum
1891 768 2016 809 esse
2069 761 2256 821 ratu-3,
2303 753 2544 826 quamvis
2597 752 2854 809 nonnulli

561 856 688 912 libri
734 870 857 911 6336
904 854 1175 915 omittant,
1217 856 1532 911 mutandum
1575 864 1675 917 est,
1721 873 1844 911 cum
1881 855 2204 928 praesertim
2247 854 2570 911 sententiam
2601 870 2722 911 esse
2759 855 2854 910 ad-

562 966 783 1031 pareat:
840 964 1048 1012 certum
1100 955 1373 1011 inventum
1428 974 1550 1012 esse
1605 955 1736 1028 (‘als
1775 956 1952 1029 gewis
1999 956 2114 1012 sich
2157 955 2374 1029 zeige’).
2455 956 2628 1012 Porro
2672 962 2774 1018 79,
2821 962 2851 1017 7

557 1065 864 1131 postquam
904 1057 1261 1113 Curenenses
1304 1060 1600 1129 aliquanto
1630 1059 1986 1129 posteriores
2031 1073 2093 1113 36
2121 1073 2244 1113 6336
2273 1059 2462 1113 vident
2501 1057 2631 1130 quin
2663 1075 2853 1113 verum

564 1162 636 1217 sit
676 1158 914 1215 dubitari
957 1158 1043 1213 vix
1086 1168 1287 1233 potest.
1360 1159 1457 1215 Set
1496 1160 1731 1215 varietas
1761 1159 2064 1232 scripturae
2097 1159 2235 1215 viam
2267 1177 2330 1215 ac
2359 1158 2624 1215 rationem
2663 1168 2851 1215 osten-

562 1264 643 1319 dit
687 1280 792 1335 qua
831 1260 995 1317 alium
1039 1259 1219 1317 locum
1258 1262 1620 1317 emendemus
1687 1260 1817 1316 Cum
1848 1261 1990 1317 enim
2023 1268 2108 1324 64,
2143 1269 2178 1321 3
2208 1261 2509 1333 facturum
2540 1276 2666 1317 3636
2698 1276 2852 1333 quae

561 1371 783 1436 peteret
822 1362 971 1418 nulla
1012 1380 1203 1418 caussa
1240 1363 1560 1425 inveniatur,
1597 1380 1696 1419 cur
1725 1362 1972 1436 graviore
2001 1378 2126 1418 3636
2157 1380 2318 1436 quam
2348 1362 2578 1437 simplici
2622 1378 2686 1417 36
2715 1362 2852 1418 scri-

562 1475 693 1541 ptor
736 1465 817 1521 uti
849 1463 1117 1525 maluerit,
1144 1458 1447 1535 facturum
1482 1480 1546 1519 36
1577 1480 1701 1521 6336
1735 1464 2084 1521 scribundum
2111 1463 2378 1538 suspicor.
2443 1472 2528 1527 85,
2565 1470 2638 1523 40
2669 1466 2851 1519 omni-

562 1570 778 1638 busque
821 1566 981 1620 bonis
1024 1570 1305 1635 oportere*
1324 1568 1465 1636 plus
1502 1568 1724 1638 yloriae
1768 1582 1940 1638 quam
1979 1568 2306 1621 diviliarum
2335 1581 2490 1621 esse.-
2535 1583 2706 1621 arma
2734 1584 2852 1621 non

562 1666 969 1739 supellectilem
1024 1667 1224 1721 decori
1260 1682 1386 1723 6336
1429 1666 1711 1730 LinkeruS,
1754 1667 1920 1723 credo
1951 1684 2060 1723 non
2110 1677 2216 1722 tam
2260 1668 2408 1741 quod
2450 1667 2504 1721 in
2541 1668 2851 1724 recentiore

562 1770 725 1845 primi
769 1766 987 1841 generis
1031 1765 1295 1823 librorum
1340 1768 1543 1824 familia
1583 1747 1880 1841 multisque
1923 1768 2142 1825 secundi
2189 1769 2468 1831 omissum,
2515 1768 2570 1823 in
2609 1762 2679 1823 Ρ1
2716 1777 2773 1823 et
2803 1768 2849 1822 G

562 1870 996 1946 superscriptum
1034 1855 1196 1931 esset,
1236 1888 1393 1943 quam
1438 1872 1585 1944 quod
1625 1870 1892 1926 sententia
1929 1870 2174 1943 flagitare
2203 1870 2494 1933 videretur,
2541 1871 2698 1945 prius
2724 1886 2850 1925 6336

562 1973 851 2029 delendum
896 1971 1133 2035 censum
1184 1979 1271 2027 set
1312 1972 1554 2044 neglexit
1597 1988 1978 2045 praegressum
2023 1972 2320 2028 membrum
2367 1973 2682 2027 munditias
2723 1990 2847 2027 mu-

562 2074 815 2143 lie'ribuS,
854 2076 994 2130 viris
1025 2074 1276 2129 laborem
1306 2077 1616 2130 convenire
1650 2072 1931 2129 inlustrari
1963 2082 2020 2129 et
2050 2072 2364 2147 amplificari
2397 2073 2706 2148 altero·per
2738 2090 2850 2145 que

562 2178 845 2239 adiuncto,
909 2175 1055 2248 quod
1118 2175 1170 2229 in
1224 2176 1357 2231 duas
1398 2183 1584 2249 partes
1627 2174 1744 2231 sine
1785 2173 1960 2230 vinclo
2004 2174 2146 2231 inter
2191 2194 2248 2231 se
2289 2175 2572 2250 obpositas
2613 2175 2848 2231 divisum

558 2280 651 2335 sit.
740 2278 867 2333 Cum
914 2277 1085 2349 igitur
1121 2278 1175 2331 in
1220 2276 1419 2331 talibus
1461 2276 1718 2333 membris
1764 2276 2144 2351 repetitionem
2183 2277 2330 2333 verbi
2365 2293 2489 2333 esse
2527 2276 2848 2333 Sallustium

561 2398 671 2437 non
714 2379 919 2452 fugisse
962 2395 1128 2451 supra
1170 2378 1489 2440 viderimus,
1545 2396 1668 2435 cum
1721 2380 1910 2451 yloria
1961 2387 2016 2433 et
2061 2381 2290 2435 divitiae
2334 2379 2663 2441 habeantur,
2711 2396 2848 2452 quae

560 2483 759 2539 'decori
785 2480 895 2535 sint
929 2488 985 2534 et
1008 2479 1075 2533 ab
1106 2478 1265 2533 nobis
1304 2480 1680 2543 ostendantur,
1722 2480 1954 2553 ideoque
1999 2480 2342 2554 repetitionis
2375 2481 2570 2537 iustam
2599 2498 2848 2537 caussam

562 2600 683 2639 esse
724 2582 996 2655 adpareat,
1044 2597 1165 2635 cum
1194 2580 1427 2653 denique
1456 2598 1586 2636 casu
1634 2582 1866 2653 quodam
1899 2580 1966 2637 ab
1995 2581 2220 2639 librario
2265 2598 2388 2638 esse
2433 2583 2692 2639 omissum
2725 2599 2848 2637 esse

562 2684 630 2740 ah
673 2683 787 2737 veri
834 2681 1015 2755 specie
1058 2698 1171 2736 non
1212 2680 1542 2743 abhorreat,
1585 2681 1905 2739 infinitivum
1950 2681 2101 2738 illum
2143 2685 2343 2741 codicis
2382 2684 2439 2745 23
2469 2702 2592 2739 cum
2623 2683 2849 2740 relicuis

563 2782 961 2856 vetustissumis
1003 2800 1273 2839 consensu
1314 2782 1689 2873 conlifmatum
1734 2793 1882 2841 recte
1935 2784 2071 2841 abici
2117 2802 2276 2858 nego.
2364 2786 2602 2858 Denique
2655 2793 2786 2847 111³
2824 2793 2848 2843 l

562 2904 684 2943 cum
716 2885 841 2941 libri
880 2901 1049 2958 paene
1080 2900 1192 2939 uno
1222 2901 1493 2941 consensu
1525 2894 1859 2942 testarentur
1884 2887 2230 2958 faciundum
2259 2904 2384 2943 6336
2413 2889 2649 2959 aliquid,
2695 2889 2853 2958 quod

562 3019 649 3031 —
678 2989 966 3043 rettulisse
1010 2986 1319 3055 videretur,
1370 2986 1421 3043 id
1466 2989 1822 3045 revocandum
1865 2988 2080 3062 putavi,
2126 2990 2329 3065 quippe
2367 3006 2488 3047 cum
2527 2988 2582 3044 id
2630 2989 2848 3062 quietae

560 3100 619 3147 et
658 3089 914 3165 prudenti
956 3089 1285 3166 expositioni
1330 3097 1550 3163 optume
1595 3091 1881 3147 convenire
1924 3090 2214 3147 videretur.

730 3192 925 3249 Eadem
962 3193 1077 3249 l’ere
1114 3208 1253 3265 quae
1292 3192 1361 3246 de
1398 3191 1692 3248 omissione
1733 3192 1976 3267 copulae,
2020 3192 2086 3248 de
2120 3194 2362 3267 asyndeti
2399 3192 2728 3249 admissione
2760 3210 2845 3249 va-

560 3294 673 3351 lere
730 3293 859 3351 olim
912 3295 975 3350 ad
1032 3293 1143 3348 Cat.
1192 3301 1285 3355 11,
1334 3299 1369 3350 2
1428 3311 1481 3366 p.
1529 3299 1598 3353 39
1641 3311 1722 3366 sq.
1781 3294 2140 3349 ostend-eram.
2226 3293 2338 3361 Qua
2375 3312 2436 3350 re
2477 3294 2642 3349 etiam
2687 3295 2742 3349 in
2785 3312 2844 3349 ea

560 3412 751 3452 caussa
786 3394 939 3450 libris
972 3394 1158 3470 potius
1190 3393 1685 3467 obtemperandum,
1724 3412 1885 3468 quam
1918 3412 2096 3452 meum
2123 3412 2342 3451 sensum
2373 3396 2709 3469 sequendum
2743 3414 2843 3469 pu·

560 3497 669 3553 tavi
714 3512 851 3559 esse,
896 3514 993 3553 nec
1034 3495 1147 3549 Cat.
1193 3500 1241 3556 2,
1287 3502 1338 3557 2,
1380 3512 1480 3551 nec
1529 3504 1622 3557 111.
1663 3505 1691 3556 l
1732 3496 1966 3553 Linkero
2013 3494 2126 3552 illic
2171 3503 2362 3569 alque,
2409 3496 2496 3552 hie
2537 3504 2593 3553 et
2642 3496 2844 3553 delenti

562 3598 791 3655 obedivi.
856 3598 1054 3654 Contra
1100 3602 1181 3657 17,-
1225 3605 1254 3655 l
1298 3603 1370 3666 et,
1418 3598 1564 3671 quod
1609 3596 1752 3653 inter
1795 3599 1858 3653 L.
1904 3598 2154 3655 Caesare
2197 3607 2362 3672 atque
2407 3599 2474 3654 G.
2521 3600 2726 3669 Fiyulo
2768 3600 2846 3655 in·

562 3700 887 3775 terpositum
932 3708 1043 3762 est,
1098 3700 1227 3755 item
1267 3706 1369 3763 38,
1404 3708 1429 3757 l
1480 3698 1778 3757 tollendum
1821 3718 2048 3763 censeo,
2107 3717 2218 3755 non
2263 3700 2410 3773 quod
2452 3717 2594 3756 unus
2639 3702 2760 3756 cod.
2804 3720 2844 3774 μ

564 3803 799 3864 omittat,
840 3810 924 3859 set
968 3802 1115 3874 quod
1160 3810 1414 3858 constans
1456 3802 1824 3859 Romanorum
1867 3820 2000 3858 usus
2046 3803 2122 3859 ita
2166 3800 2425 3875 postulet.
2503 3800 2670 3869 Quam
2715 3820 2843 3877 pro-

560 3904 725 3960 clives
780 3885 983 3961 fuerint
1031 3902 1240 3960 librarii
1294 3904 1360 3959 ad
1416 3904 1842 3959 interserendam
1891 3902 2211 3977 particulam
2265 3902 2625 3977 copulativam
2682 3904 2845 3961 docu-

563 3999 763 4062 mento
790 4015 874 4062 est
916 4006 1028 4063 Cat.
1071 4012 1156 4069 25,
1202 4011 1252 4069 2,
1294 4005 1388 4061 ubi
1429 4022 1552 4061 cum
1595 4006 1954 4079 praecesserit
1994 4021 2206 4078 yenere
2249 4012 2419 4077 atque
2459 4004 2676 4076 forma,
2725 4009 2846 4061 viro

564 4117 735 4181 atque
778 4110 971 4164 liberis
1023 4106 1155 4164 ferri
1204 4124 1314 4163 non
1357 4124 1520 4181 posse
1543 4150 1558 4169 ,
1614 4108 1707 4180 qui
1751 4106 2062 4164 Sallustiani
2118 4106 2336 4180 generis
2381 4106 2594 4162 dicendi
2640 4124 2844 4179 gnarus

562 4220 663 4273 est,
702 4210 859 4267 facile
896 4211 1173 4268 concedet.
1259 4210 1528 4283 Prospera
1569 4208 1741 4281 igitur
1781 4208 2002 4266 fortuna
2043 4209 2254 4271 accidit,
2301 4217 2362 4264 ut
2403 4208 2560 4263 codd.
2605 4200 2717 4263 P¹B
2759 4216 2844 4263 at-

562 4329 672 4385 que
714 4330 780 4369 ex
822 4311 1007 4384 glossa
1050 4312 1275 4367 inlatum
1320 4328 1439 4367 esse
1481 4311 1770 4385 perspicue
1803 4312 2171 4367 ostenderent.
2261 4310 2459 4366 Tamen
2501 4309 2675 4367 eidem
2717 4309 2842 4366 libri
