3042 4917
857 295 1464 344 conunnra‘rrounn
1513 293 1655 336 oar,
1702 293 1789 336 ιν.
2396 267 2480 330 59

203 464 532 541 exposuerit,
571 458 956 518 consuetudini
987 455 1206 517 dicemli
1245 455 1298 510 h.
1338 453 1374 509 l.
1422 453 1745 510 infinitivum
1788 449 2110 509 historicum
2156 463 2478 523 repugnare.

203 570 308 626 Nec
345 583 473 638 vero
511 561 760 634 Sellingii
798 560 942 633 (lect.
987 558 1115 615 Sall.
1158 577 1210 633 p.
1252 566 1320 619 10
1348 555 1452 631 sq.)
1495 557 1798 614 sententiae
1840 555 2138 618 adsentior,
2186 557 2279 629 qui
2322 557 2483 612 dicti-

207 678 330 730 tare
371 677 587 741 turpem
632 663 872 737 glossam
919 661 1184 718 iudicavit.
1271 659 1402 716 Nam
1445 660 1679 734 primum
1722 676 1861 733 quae
1910 659 1965 715 in
2008 657 2285 716 nonnullis
2328 658 2483 716 libris

206 768 601 831 recentioribus
649 765 894 822 inventae
941 772 1070 820 sunt
1115 762 1436 836 scripturae,
1481 763 1693 818 dictam
1735 775 1856 818 rem
1900 763 2085 818 dictas
2118 760 2225 816 'res
2260 761 2481 824 similes,

205 871 580 932 contentiones
631 867 818 941 potius
870 866 1140 942 putandae
1195 872 1321 921 sunt
1393 881 1554 938 quam
1602 863 1945 936 glossematis
1992 862 2231 932 indicia.x
2288 864 2485 920 Deinde

205 977 398 1034 mirum
435 978 612 1033 esset,
671 969 715 1024 si
761 967 1040 1041 glossator
1075 967 1240 1024 verbo
1287 967 1719 1040 frequentativo,
1774 967 1921 1040 quod
1964 983 2051 1040 ap.
2090 964 2217 1022 Sall.
2266 974 2485 1040 praeter

205 1079 316 1151 lug.
353 1082 440 1138 84,
493 1083 516 1132 1
559 1087 827 1146 nusquam
858 1069 1080 1142 legitur,
1125 1069 1207 1124 uti
1242 1068 1539 1132 maluisset,
1588 1087 1748 1143 quam
1790 1068 1871 1124 vel
1900 1067 2073 1140 fuere
2102 1070 2204 1139 qui
2232 1069 2489 1126 dicerent

206 1186 454 1254 repetere
509 1175 590 1232 vel
641 1176 920 1230 dixerunt
971 1171 1081 1226 sive
1141 1173 1405 1228 dicebant
1459 1171 1784 1228 adscribere.
1882 1171 2015 1226 Tum
2068 1188 2190 1226 cum
2235 1171 2490 1244 adpareat

207 1297 366 1338 omne
411 1280 516 1334 hoc
566 1274 866 1332 membrum
907 1292 1016 1331 non
1071 1274 1138 1329 ad
1182 1291 1566 1347 praegressum
1622 1274 1921 1344 aperuisse
1963 1274 2259 1328 consilium
2303 1288 2488 1340 suum,

207 1389 290 1439 set
331 1381 397 1438 ad
437 1379 748 1436 univorsam
793 1393 905 1432 rem
945 1377 1013 1432 de
1055 1375 1374 1432 circumlato
1417 1375 1680 1448 sauguine
1721 1374 1973 1448 corporis
2016 1374 2235 1430 humani
2274 1382 2331 1429 et
2374 1382 2489 1430 tum

205 1485 421 1540 demum
474 1480 750 1556 patefacto
807 1477 1038 1535 consilio
1087 1479 1313 1540 referri,
1368 1494 1532 1550 aegre
1590 1476 1935 1532 desideratur
1984 1476 2285 1544 obiectum,
2344 1476 2490 1550 quod

206 1601 528 1660 praegressa
575 1581 754 1638 omnia
789 1560 1197 1654 conplectatur,
1247 1597 1350 1653 qua
1397 1580 1452 1634 in
1497 1595 1558 1634 re
1600 1579 1847 1648 durities,
1896 1597 2055 1652 quam
2100 1578 2325 1635 Fabrius
2367 1595 2491 1635 vere

208 1685 502 1762 persensit,
546 1683 726 1758 posita
771 1687 872 1743 cst,
919 1699 1030 1738 non
1072 1682 1128 1736 in
1171 1681 1437 1756 particula
1483 1687 1671 1752 atquc.
1758 1682 1888 1737 Cum
1936 1680 2103 1754 igitur
2154 1683 2265 1737 veri
2318 1680 2493 1736 simile

212 1789 502 1849 videretur,
547 1785 814 1842 dictitare
859 1801 922 1839 ex
955 1785 1318 1858 conruptione
1365 1783 1550 1859 potius
1587 1789 1767 1838 ortum
1800 1800 1937 1845 esse,
1986 1801 2143 1857 quam
2188 1800 2253 1838 ex
2284 1782 2494 1855 glosse-

209 1897 368 1952 mate,
412 1889 467 1943 in
511 1905 628 1944 eam
667 1885 1035 1942 coniecturam
1081 1885 1271 1948 incidi,
1327 1893 1388 1941 ut
1447 1887 1531 1941 ita
1588 1885 1655 1941 ab
1700 1883 1958 1942 Sallustio
2004 1885 2267 1958 scriptum
2308 1885 2494 1940 crede-

210 2009 351 2054 rem,
409 2009 472 2048 ac
523 2007 646 2046 cum
683 1988 734 2044 ei
783 1988 1213 2063 superscriptum
1269 1994 1415 2044 esset
1461 1989 1673 2044 dictam
1718 2003 1869 2055 rem,
1919 1987 1973 2042 id
2016 1987 2281 2043 dictitare
2327 1985 2493 2042 verbo

207 2093 476 2167 originem
517 2089 748 2147 dedisse.

383 2193 566 2249 Multis
610 2193 784 2248 modis
825 2189 1153 2248 dubitationi
1200 2190 1466 2247 obnoxius
1511 2199 1598 2248 est
1642 2190 1795 2248 locus
1840 2190 1951 2246 Cat.
1985 2197 2069 2252 26,
2116 2199 2165 2250 5.
2231 2190 2363 2248 Nam
2392 2210 2495 2267 pro

208 2299 434 2355 consuli
467 2293 840 2352 vetustissumi
887 2292 1014 2349 libri
1053 2294 1380 2350 consulibus
1423 2293 1697 2356 exhibent,
1746 2301 1802 2349 et
1844 2295 1905 2348 in
1947 2310 2150 2365 campo
2178 2293 2335 2350 multi
2367 2294 2496 2351 boni

210 2400 336 2456 libri
373 2398 652 2454 omittunt.
693 2394 870 2463 Quae
896 2412 984 2451 res
1014 2395 1306 2451 Linkerum
1339 2396 1592 2452 videntur
1628 2395 1861 2452 movisse
1896 2403 1958 2452 ut
1994 2411 2141 2467 quas
2167 2427 2251 2440 -ψψ
2268 2395 2501 2468 fecerat

211 2501 540 2576 glossatoris
585 2514 706 2554 esse
743 2497 897 2554 uncis
937 2497 1130 2554 additis
1179 2497 1496 2554 declararet.
1583 2497 1717 2553 Boni
1760 2506 1941 2554 autem
1985 2515 2167 2554 rerum
2212 2498 2531 2573 scriptoris'

211 2613 312 2666 est,
362 2603 440 2658 ita
477 2616 718 2662 narrare,
761 2605 823 2654 ut
859 2599 926 2655 de
969 2616 1036 2655 eo
1077 2600 1222 2672 quod
1267 2599 1409 2656 dicat
1453 2598 1618 2656 nulla
1644 2599 1912 2656 dubitatio
1960 2601 2093 2657 oriri
2132 2601 2325 2675 possit.
2397 2601 2500 2658 Po-

211 2722 406 2762 namus
443 2701 615 2775 igitur
651 2699 744 2755 illa
781 2700 940 2757 verba
980 2702 1200 2765 deesse,
1255 2701 1378 2775 quis
1424 2701 1559 2758 haec
1596 2702 1757 2759 verba
1814 2703 1881 2759 de
1926 2703 2046 2760 aliis
2089 2702 2296 2760 insidiis
2344 2704 2503 2760 intel·

213 2808 380 2880 leget,
427 2820 589 2878 quam
631 2802 698 2858 de
743 2801 850 2864 eis,
903 2802 970 2858 de
1018 2803 1215 2876 quibus
1261 2821 1428 2877 supra
1471 2805 1675 2860 dictum
1718 2812 1803 2861 est
1848 2807 2105 2862 omnibus
2147 2807 2328 2862 modis
2365 2808 2501 2863 insi-

211 2911 344 2966 dias
383 2906 643 2979 parabat
683 2903 982 2961 Ciceroni?
1055 2905 1148 2960 Set
1181 2905 1430 2961 credisne
1463 2905 1779 2963 Sallustium
1827 2907 2125 2981 ignorasse,
2172 2907 2291 2982 ipso
2336 2909 2503 2965 comi-

210 3012 419 3068 tiorum
478 3008 564 3064 die
620 3007 687 3062 ab
743 3004 972 3062 Catilina
1019 3014 1074 3062 et
1130 3006 1398 3064 Autronio
1457 3008 1705 3066 homines
1764 3017 2002 3066 armatos
2057 3011 2122 3066 ad
2166 3011 2382 3067 caedem
2426 3011 2504 3066 fa·

211 3114 467 3170 ciundam
511 3111 567 3166 in
609 3110 864 3182 Campum
909 3109 1172 3166 deductos
1217 3123 1340 3166 esse
1379 3110 1504 3184 (Cic.
1548 3129 1631 3185 pr.
1672 3111 1807 3168 Mur.
1864 3118 1948 3174 26,
1991 3117 2076 3170 52.
2122 3130 2205 3186 pr.
2252 3111 2383 3168 Sull.
2420 3119 2500 3175 16,

211 3214 338 3288 51)?
385 3213 638 3272 credisne
679 3211 762 3274 id,
819 3211 965 3285 quod
1009 3227 1250 3268 summae
1286 3213 1537 3270 audaciae
1582 3220 1757 3276 esset,
1804 3229 1913 3287 quo
1960 3212 2095 3268 nihil
2138 3212 2503 3288 periculosius
2536 3219 2552 3239 ⁶

213 3317 466 3374 accidere
510 3313 800 3390 potuisset,
845 3330 970 3369 eum
1018 3313 1276 3408 omittere
1319 3314 1592 3372 voluisse?
1678 3315 1823 3389 Ergo
1862 3315 1995 3372 haec
2034 3315 2089 3370 in
2136 3314 2502 3389 suspicionem

212 3419 398 3476 vocari
439 3422 748 3490 nequeunt,
809 3415 940 3489 quin
994 3415 1190 3471 iniuria
1242 3415 1335 3472 fiat
1388 3416 1663 3490 scriptori.
1751 3420 1820 3474 At
1878 3419 2138 3475 miramur
2186 3420 2247 3474 in
2302 3435 2505 3491 campo

176 3495 498 3582 'excidisse
541 3516 716 3574 multo
761 3517 935 3590 magis
979 3524 1236 3592 optumos
1279 3518 1452 3575 libros
1493 3521 1821 3576 consulibus
1863 3520 2135 3577 exhihere.
2230 3519 2387 3584 Nam,
2444 3528 2507 3578 ut

210 3623 272 3678 G.
317 3620 642 3683 Antonium,
681 3617 895 3688 etiamsi
939 3619 1160 3676 comitia
1204 3637 1315 3680 non
1359 3621 1616 3684 haberet,
1668 3639 1697 3676 a
1738 3639 1930 3696 campo
1974 3640 2085 3680 non
2124 3623 2401 3680 afuturum
2444 3641 2506 3680 ac

206 3725 464 3781 futurum
506 3720 680 3778 fuisse
735 3729 797 3776 ut
841 3719 921 3784 ei,
981 3721 1026 3777 si
1071 3721 1382 3779 Ciceronem
1435 3723 1737 3785 adiuvaret,
1790 3723 2017 3781 Catilina
2081 3740 2189 3781 non
2256 3732 2505 3799 parceret

206 3827 545 3900 largiamur,
618 3829 796 3879 tamen
853 3823 900 3879 si
953 3822 1244 3880 Sallustius
1311 3827 1643 3882 consulibus
1712 3826 1933 3882 insidias
1988 3827 2157 3884 factas
2211 3833 2503 3889 narrasset,

208 3927 471 3984 omnibus
525 3924 854 3982 testimoniis
911 3934 1247 4000 repugnaret
1306 3935 1468 4000 atque
1507 3929 1707 3984 merito
1764 3929 1820 3984 in
1872 3927 2249 4002 neglegentiae
2300 3928 2504 3984 crimen

208 4031 540 4086 incurreret.
624 4027 768 4100 Ergo
823 4027 1002 4084 verbis
1057 4030 1118 4084 in
1165 4043 1370 4100 campo
1413 4047 1601 4086 carere
1647 4047 1752 4086 uon
1796 4047 2117 4105 possumus,
2176 4037 2231 4084 at
2276 4028 2504 4086 alterum

209 4149 394 4206 neque
423 4128 792 4188 necessarium
821 4136 908 4186 est
940 4160 1013 4171 —
1045 4130 1134 4187 cui
1174 4133 1315 4188 enim
1353 4131 1577 4188 insidiae
1622 4131 1793 4188 factae
1836 4139 2020 4188 essent
2045 4148 2231 4188 omnes
2264 4129 2506 4188 sciebant

214 4264 290 4274 -
339 4243 398 4290 et
457 4231 716 4307 quoniam
766 4232 1096 4289 consulibus
1147 4234 1426 4308 antiquior
1486 4233 1760 4308 scriptura.
1808 4240 1893 4290 est
1948 4227 2313 4307 suspectum(
2368 4233 2507 4302 Quid

207 4333 420 4410 igitur?
479 4351 665 4392 nonne
729 4335 1054 4391 consulibus
1116 4335 1388 4412 glossema
1435 4335 1676 4397 videtur,
1746 4351 1855 4412 quo
1908 4343 2131 4417 recepto
2196 4335 2257 4393 in
2303 4354 2507 4410 campo.
