3042 4917
565 294 649 353 44
1234 312 1840 359 οοΝΜΕΝΤΑΤῙοΝυΜ
1891 316 2031 359 CAP.
2079 316 2174 359 111.

566 468 784 524 modum
828 467 895 524 ab
940 467 1173 532 Graecis,
1216 475 1534 543 contempto
1591 468 1871 527 hominum
1915 490 2146 545 genere,
2209 489 2348 547 quos
2403 474 2558 531 malis
2605 478 2852 535 moribus

564 579 727 643 atque
751 570 1018 626 institutis
1049 570 1104 626 in
1134 570 1451 628 servitutem
1475 571 1724 628 redactos
1751 589 1872 628 esse
1905 581 2200 639 constaret,
2237 576 2554 633 arcessitum
2587 578 2851 635 dixisset?

565 672 677 741 Qua
709 690 768 728 re
811 690 943 728 cuma
972 670 1134 729 etiam
1162 672 1265 729 alia
1302 673 1352 729 ei
1400 673 1699 730 sententiae
1743 673 1962 731 obstare
1990 675 2287 740 videantur,
2331 679 2618 735 audaciore
2647 698 2850 753 genere

566 773 881 829 emendandi
910 773 1017 831 hoc
1059 774 1182 831 loco
1220 774 1598 831 abstinendum
1639 792 1852 833 censeo.
1927 776 2020 832 Set
2049 777 2096 834 si
2137 795 2204 834 eo
2250 779 2390 842 loco,
2439 798 2548 853 quo
2597 781 2650 836 in
2692 780 2849 839 libris

561 876 776 931 inventa
817 884 961 939 sunt,
1004 875 1397 950 relinquantur,
1444 894 1572 933 sane
1616 876 1811 935 Caesar
1849 876 2054 951 aliquid
2095 881 2359 954 consequi
2403 881 2675 946 videatur,
2725 902 2848 941 cum

561 995 685 1034 eum
734 977 911 1050 ipsum
953 994 1189 1042 morem,
1248 996 1405 1052 quem
1455 978 1790 1060 reiciundum
1831 987 2079 1044 censeat,
2136 982 2484 1055 peregrinum
2525 1001 2644 1041 esse
2683 985 2845 1043 dicat.

564 1080 657 1136 Set
693 1064 873 1135 nonne
921 1086 1033 1134 tum
1076 1080 1307 1136 maiores
1348 1080 1524 1148 minus
1569 1080 1841 1153 sapientes
1879 1080 2047 1137 fuisse
2085 1082 2398 1140 viderentur
2439 1102 2660 1143 necesse
2705 1088 2845 1143 fuit?

560 1180 626 1237 Et
672 1181 835 1255 quid?
874 1198 1003 1237 num
1038 1180 1317 1238 Caesarem
1360 1182 1617 1240 credibile
1653 1189 1738 1240 est
1783 1182 2015 1247 finxisse,
2061 1184 2206 1256 quod
2248 1184 2442 1241 falsum
2482 1204 2603 1243 esse
2641 1188 2688 1243 si
2732 1207 2845 1245 non

561 1301 772 1346 omues,
827 1280 983 1339 multi
1029 1292 1206 1339 tamen
1252 1301 1316 1339 ex
1360 1283 1522 1339 rebus
1571 1285 1809 1342 romanis
1856 1284 2137 1357 cognitum
2176 1285 2462 1351 haberent,
2515 1292 2844 1363 praesertim

557 1402 678 1442 cum
717 1385 767 1442 id
812 1385 880 1441 ad
912 1385 1367 1442 conmendandam
1413 1404 1564 1441 suam
1603 1376 1922 1443 sententiam
1958 1386 2192 1443 minume
2231 1386 2481 1443 idoneum
2509 1392 2692 1446 esset?
2759 1394 2844 1449 An

558 1486 889 1549 Sallustium,
936 1504 1095 1571 quern
1132 1486 1413 1543 Caesarem
1462 1487 1530 1544 ab
1574 1487 1883 1561 obprobriis
1915 1486 2253 1544 inimicorum
2285 1490 2571 1547 defendere
2602 1492 2842 1551 voluisse

556 1590 701 1645 inter
726 1586 869 1643 viros
901 1588 1093 1645 doctos
1117 1588 1382 1652 convenit,
1421 1588 1526 1645 tale
1571 1589 1773 1665 aliquid
1803 1590 1920 1645 eius
1960 1606 2226 1663 personae
2267 1590 2632 1665 inpositurum
2668 1596 2841 1651 fuisse

558 1690 834 1765 opinaris?
912 1689 1049 1757 Quid
1108 1688 1317 1745 multa?
1403 1690 1576 1747 Verba
1648 1691 1740 1747 illa
1790 1691 1946 1747 scioli
2001 1693 2337 1765 grammatici
2393 1694 2642 1750 videntur
2699 1715 2838 1761 esse,

558 1793 653 1867 qui
690 1810 810 1849 cum
850 1798 1081 1867 propter
1133 1792 1510 1866 praecedentia
1565 1792 1812 1850 crederet
1863 1792 2007 1849 hunc
2063 1812 2280 1867 quoque
2328 1812 2532 1851 morem
2579 1796 2646 1852 ab
2682 1816 2841 1872 pere-

554 1892 727 1969 grinis
778 1901 1057 1969 acceptum
1101 1894 1389 1950 dicundum
1431 1894 1626 1959 fuisse,
1685 1896 2054 1969 memoriaque
2107 1903 2316 1952 teneret
2360 1914 2405 1951 a.
2453 1902 2556 1957 454
2599 1900 2840 1956 Athenas

551 1997 749 2053 missos
789 2014 925 2059 esse,
959 1996 1053 2070 qui
1096 1996 1325 2053 inclutas
1369 1996 1520 2069 leges
1558 1995 1774 2052 Solonis
1819 1994 2190 2053 describerent
2235 2005 2289 2053 et
2319 1997 2545 2054 aliarum
2583 2000 2839 2059 Graeciae

550 2098 848 2155 civitatium
914 2098 1164 2154 instituta
1219 2097 1415 2154 mores'
1456 2098 1682 2171 iuraque
1741 2107 2031 2154 noscerent
2087 2098 2226 2172 (Liv.
2274 2100 2339 2154 111
2378 2107 2440 2160 31
2490 2101 2678 2175 extu),
2723 2100 2835 2159 'sive

551 2218 660 2274 quo
694 2182 927 2256 'Sallusti
973 2200 1274 2256 orationem
1320 2198 1630 2273 subpleret,
1681 2199 1790 2255 sive
1835 2200 2112 2257 doctrinae
2158 2201 2509 2259 ostentandae
2553 2211 2731 2277 gratia
2772 2223 2835 2261 ea

548 2301 916 2375 adscripserit.
1003 2301 1099 2357 Cui
1143 2302 1443 2358 sententiae
1477 2318 1590 2357 non
1635 2319 1826 2357 vereor
1861 2319 1929 2357 ne
1971 2301 2308 2376 obponatur‚
2367 2303 2500 2359 satis
2557 2313 2833 2362 vetustum

546 2402 716 2459 videri
758 2404 1148 2466 adsumentum,
1188 2403 1333 2475 quod
1376 2402 1540 2459 etiam
1573 2403 1627 2458 in
1669 2402 1724 2463 Q
1769 2402 2086 2459 inveniatur.
2144 2420 2150 2427 ·

1088 2500 1102 2512 ⁹
1418 2512 1451 2539 e

718 2604 890 2661 Verba
933 2605 1047 2677 lug.
1094 2612 1185 2667 19,
1234 2612 1263 2663 l
1316 2604 1527 2661 Postea
1581 2606 1895 2663 Phoenices
1951 2608 2056 2662 alii
2101 2608 2475 2664 multitudinis
2527 2610 2684 2665 domi
2729 2614 2834 2667 mi-

546 2710 811 2764 nuendae
850 2708 1063 2779 qratia,
1104 2721 1252 2778 pars
1295 2708 1488 2780 inperi
1529 2710 1796 2779 cupidine
1840 2700 2144 2765 sollicitata
2179 2710 2346 2779 plebe
2389 2715 2445 2764 et
2479 2711 2610 2766 aliis
2655 2730 2832 2769 nova-

545 2822 677 2866 rum
722 2818 919 2865 rerum
967 2810 1175 2879 avidi8‚
1239 2798 1564 2880 Hipponem
1611 2809 2036 2866 Hadrumetum
2081 2811 2302 2882 Leptim
2357 2814 2617 2884 aliasque
2669 2810 2834 2871 urbis

544 2916 605 2969 in
648 2929 755 2967 ora
797 2912 1107 2966 marituma
1147 2913 1453 2969 condidere
1497 2910 1573 2967 ita
1616 2912 1841 2968 confusa
1881 2918 2023 2973 sunt,
2075 2920 2135 2967 ut
2181 2928 2382 2976 omnes,
2428 2914 2521 2988 qui
2561 2931 2624 2971 ea
2661 2916 2833 2991 expli-

542 3032 667 3071 care
708 3016 991 3075 studuere,
1040 3014 1105 3069 ad
1148 3021 1434 3070 contortas
1480 3012 1720 3069 rationes
1758 3012 2122 3085 confugerint.
2207 3013 2314 3069 Iam
2362 3032 2475 3071 rem
2517 3016 2830 3075 adcuratius

542 3116 977 3180 consideremus;
1013 3116 1067 3197 in
1108 3133 1215 3189 quo
1253 3114 1386 3171 illud
1430 3131 1541 3170 non
1575 3115 1938 3187 quaerendum
1982 3114 2211 3177 videtur,
2259 3116 2386 3189 quid
2433 3116 2724 3177 Sallustius
2762 3122 2830 3177 de

540 3218 771 3275 coloniis
809 3217 1115 3275 Phoeniciis
1156 3224 1435 3291 acceptum
1475 3215 1755 3279 habuerit,
1814 3225 1898 3272 set
1957 3234 2090 3289 quas
2146 3234 2364 3273 caussas
2432 3236 2617 3276 earum
2661 3222 2829 3279 dedu-

538 3319 829 3377 cendarum
860 3319 1029 3375 fuisse
1080 3319 1276 3374 dixisse
1311 3317 1573 3373 videatur.
1660 3318 1789 3373 Nam
1828 3318 1882 3374 id
1927 3336 2036 3383 non
2082 3318 2293 3381 mirum,
2343 3319 2389 3374 si
2431 3320 2707 3379 hominem
2736 3342 2828 3379 ro-

539 3438 754 3476 manum
811 3420 1015 3492 fugerit
1072 3426 1404 3475 mercaturae
1448 3418 1758 3482 faciundae,
1826 3420 2131 3493 augendae,
2184 3419 2584 3494 amplificandae
2635 3442 2828 3481 caussa

538 3520 737 3579 multas
776 3520 1020 3578 colonias
1050 3522 1305 3577 deductas
1350 3538 1486 3577 esse.
1567 3520 1787 3588 Quando
1833 3522 2005 3596 igitur
2033 3520 2180 3578 domi
2211 3516 2502 3579 multitudo
2536 3524 2828 3583 minuenda

537 3620 847 3678 videbitur?
900 3631 1147 3697 apertum
1191 3630 1291 3683 est,
1334 3640 1455 3678 cum
1501 3642 1760 3680 numerus
1797 3624 1992 3681 civium
2025 3623 2100 3679 ita
2143 3626 2391 3687 creverit,
2425 3631 2486 3681 ut
2523 3627 2660 3699 agri,
2707 3647 2825 3703 opi·

536 3724 671 3787 ficia,
718 3722 957 3781 aedificia
1000 3724 1065 3809 ad
1096 3741 1191 3780 eos
1236 3723 1457 3781 alendos
1500 3734 1556 3782 et
1601 3726 1832 3781 tuendos
1878 3743 1988 3781 non
2032 3726 2318 3789 sufficiant,
2369 3735 2461 3782 aut
2509 3745 2632 3785 cum
2665 3730 2823 3786 multi

536 3826 785 3886 seditiosi
822 3826 965 3883 cives
1011 3826 1137 3889 sint,
1187 3826 1280 3899 qui
1318 3845 1347 3882 a
1390 3827 1800 3901 magistratibus
1833 3829 1949 3884 sine
1996 3828 2043 3883 vi
2089 3835 2144 3888 et
2186 3827 2448 3901 sanguine
2492 3847 2671 3904 neque
2704 3833 2823 3907 regi

488 3926 495 3935 “
533 3948 710 4004 neque
748 3929 989 3986 coerceri
1032 3946 1194 4003 posse
1242 3929 1538 3985 videantur.
1624 3930 1768 3997 Quae
1819 3937 1998 3986 autem
2043 3907 2286 3987 civitates
2342 3930 2518 4004 inperi
2567 3933 2821 4007 cupidine

532 4032 775 4090 colonias
820 4032 1055 4089 condere
1093 4031 1199 4089 dici
1236 4032 1501 4106 possunt?
1581 4031 1798 4088 Scilicet
1844 4049 1981 4105 quae
2025 4051 2133 4106 quo
2181 4032 2433 4105 regiones
2474 4040 2694 4089 teneant
2738 4054 2818 4090 in-

533 4134 788 4208 colasque
839 4133 1050 4208 inperio
1094 4140 1411 4197 coerceant,
1467 4133 1542 4189 ihi
1588 4151 1716 4190 suos
1759 4134 1901 4190 cives
1942 4134 2186 4190 habitare
2227 4134 2432 4189 volunt.
2523 4135 2816 4209 Utramque

530 4253 775 4293 caussam
820 4234 1158 4293 coloniarum
1212 4236 1649 4293 deducundarum
1705 4236 1905 4293 Romae
1949 4236 2148 4299 fuisse,
2202 4236 2291 4310 qui
2347 4252 2434 4291 res
2493 4253 2682 4292 eorum
2735 4236 2817 4293 vel

528 4336 724 4393 leviter
769 4336 1059 4409 adtigerit,
1117 4356 1227 4395 non
1272 4336 1564 4411 ignorabit.
1601 4390 1610 4401 ,
1658 4339 1834 4412 Atque
1891 4339 2092 4395 factum
2151 4337 2365 4412 quidem
2408 4344 2521 4401 est,
2597 4346 2657 4394 ut
2717 4338 2809 4413 qui
