3042 4917
793 1142 1953 1233 CONMENTATIONES.

1258 1564 1396 1643 Cap.
1453 1564 1497 1625 1.

909 1750 1027 1823 De
1076 1748 1393 1825 Sallusti
1440 1749 1864 1824 codicibus.

376 1942 617 2022 Sallusti
660 1967 831 2023 libros
872 1968 1301 2042 manuscriptos,
1346 1987 1578 2043 quorum
1625 1986 1902 2027 maxumus
1943 1977 2028 2025 est
2068 1987 2360 2035 numerus,
2405 1973 2518 2046 pri·

224 2086 365 2130 mus,
414 2069 561 2141 quod
606 2070 796 2132 sciam,
846 2071 901 2125 in
944 2088 1147 2143 genera
1207 2080 1262 2127 et
1314 2071 1520 2127 classes
1563 2072 1854 2146 descripsit
1896 2092 1944 2127 v.
1991 2072 2357 2127 doctissumus
2399 2072 2515 2128 Car.

224 2170 431 2225 Ludov.
488 2170 715 2227 Rothius
761 2172 894 2227 Mus.
940 2170 1108 2227 Rhen.
1148 2172 1214 2227 lx
1266 2182 1285 2231 1
1344 2192 1398 2247 p.
1446 2180 1748 2237 129-35,
1808 2181 2134 2247 argumento
2189 2173 2516 2231 certissumo

224 2290 359 2327 usus
404 2273 641 2337 lacuniS,
686 2291 823 2346 quae
867 2274 921 2329 in
958 2273 1111 2329 libris
1158 2274 1521 2335 inveniuntur.

398 2375 611 2431 Primus
656 2374 827 2447 igitur
871 2374 1040 2438 locus,
1086 2376 1179 2431 ubi
1208 2375 1464 2450 plerique
1500 2376 1631 2433 libri
1671 2377 1852 2433 mutili
1879 2386 2038 2441 sunt,
2075 2385 2160 2433 est
2201 2377 2316 2451 lug.
2354 2384 2440 2441 44,
2467 2389 2516 2445 5,

142 2535 147 2539 ,
226 2476 321 2533 uhi
363 2477 527 2533 verba
578 2492 760 2549 neque
805 2479 1210 2534 muniebantur
1260 2494 1331 2534 ea
1386 2480 1702 2537 exciderunt
1757 2496 1872 2535 eam
1931 2478 2002 2535 ob
2045 2498 2290 2537 caussam
2331 2498 2519 2536 manu·

226 2578 557 2640 festissume‚
592 2574 735 2651 quo'd
772 2579 1027 2635 librarius
1054 2580 1121 2649 ab
1152 2580 1339 2653 priore
1368 2580 1434 2636 ad
1470 2580 1702 2637 alterum
1738 2597 1922 2653 neque
1955 2582 2128 2642 oculis
2157 2582 2518 2638 aberraverat.

404 2682 555 2751 Tum,
594 2680 645 2735 id
693 2681 840 2754 quod
882 2681 987 2736 iam
1018 2681 1105 2736 alii
1142 2682 1560 2741 observaverant
1593 2676 1654 2756 ¹),
1687 2683 1743 2739 in
1774 2683 1960 2750 multis
1992 2684 2148 2741 lib'ris
2185 2678 2300 2757 lug.
2337 2693 2453 2747 103,
2486 2691 2520 2742 2

228 2782 393 2838 verba
434 2799 513 2837 εει*
556 2786 709 2839 omni
754 2785 920 2854 copia
960 2785 1427 2841 necessariorum
1468 2785 1814 2859 excipiuntur
1857 2786 2037 2842 verbis
2089 2793 2202 2849 112,
2247 2794 2282 2847 3
2314 2802 2518 2858 pacem

229 2886 426 2953 vellet,
480 2886 651 2941 daret
688 2901 925 2957 operam
970 2893 1105 2949 cet.,
1162 2886 1219 2941 in
1256 2885 1388 2971 aliis
1435 2886 1546 2943 illis
1591 2888 1770 2943 verbis
1811 2886 1954 2945 liber
1994 2886 2282 2945 clauditur.
2365 2888 2518 2955 Quod

232 2985 369 3059 quin
412 2985 489 3041 ita
543 2986 745 3044 factum
800 2988 900 3051 sit,
955 3006 1079 3045 cum
1128 2988 1411 3063 archetypi
1463 2988 1674 3061 aliquot
1723 2988 1855 3043 folia
1895 2989 2223 3045 excidissent
2263 2998 2358 3045 aut
2394 2989 2519 3046 loco

234 3102 337 3142 suo
392 3094 541 3143 mota
588 3097 799 3153 essent,
856 3108 1017 3146 nemo
1076 3090 1345 3147 dubitabit
1374 3084 1441 3164 ²).
1538 3089 1668 3145 Cum
1712 3097 1892 3146 autem
1935 3107 2074 3163 quae
2131 3090 2329 3146 omissa
2374 3098 2518 3154 sunt,

232 3189 290 3243 in
334 3188 575 3245 editione
614 3206 733 3247 mea
776 3191 959 3265 priore
1002 3190 1256 3265 expleant
1298 3192 1413 3247 fere
1444 3191 1615 3247 lineas
1654 3198 1756 3251 168
1777 3184 1840 3261 3),
1881 3192 2232 3266 conputando
2261 3193 2521 3256 invenies,

232 3290 281 3345 si
327 3290 439 3345 duo
492 3289 624 3346 folia
672 3292 985 3355 exciderint,
1032 3294 1087 3349 in
1132 3310 1347 3366 quaque
1386 3292 1585 3366 pagina
1630 3292 1860 3367 scriptas
1913 3294 2084 3349 fuisse
2126 3294 2298 3351 lineas
2335 3302 2431 3358 42,
2473 3295 2521 3351 si

232 3400 501 3465 quattuor
545 3391 715 3449 lineas
759 3400 855 3457 21,
916 3394 962 3449 si
1002 3412 1095 3449 sex
1145 3400 1235 3457 14,
1281 3394 1326 3449 si
1372 3401 1497 3451 octo
1544 3388 1711 3472 10¹s2.
1797 3394 1950 3462 Quod
1982 3396 2028 3451 si
2066 3397 2330 3471 spatium,
2375 3397 2521 3471 quod

232 3494 374 3549 liber
409 3494 478 3549 de
522 3493 782 3551 Catilinae
821 3496 1199 3551 coniuratione
1242 3503 1296 3551 et
1340 3495 1637 3568 Iugurthae
1682 3496 1886 3554 relicua
1934 3515 2062 3571 pars
2104 3499 2382 3573 conplent,
2431 3516 2524 3556 eo-

230 3595 355 3651 dem
394 3596 559 3651 modo
601 3597 1011 3670 conputaveris,
1069 3594 1319 3669 singulos
1363 3614 1624 3653 numeros
1676 3598 1756 3656 sic
1799 3600 2090 3656 convenire
2145 3601 2412 3675 reperies,
2460 3608 2523 3655 ut

232 3714 573 3771 unoquoque
622 3705 797 3754 totum
841 3706 989 3755 recte
1034 3698 1317 3754 dividatur.

406 3799 650 3855 Tertium
702 3797 881 3856 locum
942 3800 997 3855 in
1054 3816 1274 3857 censum
1325 3800 1534 3857 vocavit
1588 3800 1820 3857 Rothius
1860 3802 1975 3875 lug.
2016 3809 2112 3865 21,
2142 3808 2192 3867 4,
2236 3803 2330 3859 uhi
2367 3804 2526 3877 pauci

234 3901 359 3956 libri
404 3908 535 3975 post
577 3900 741 3957 verba
784 3902 855 3957 ab
884 3894 1067 3957 armis
1091 3903 1385 3958 discedere
1420 3901 1679 3958 adiiciunt
1711 3904 1782 3959 de
1811 3906 2220 3961 controversiis
2247 3906 2370 3961 suis
2397 3908 2526 3962 iure

302 4064 357 4130 1)
384 4064 643 4129 Bojesen.
674 4064 759 4115 ed·
786 4066 843 4115 II
862 4067 1039 4131 praef.
1064 4084 1116 4132 p.
1141 4066 1217 4116 IV
1236 4083 1289 4116 n.
1304 4066 1353 4116 2.
1408 4071 1536 4117 rent
1573 4066 1824 4117 consulto
1864 4068 2143 4118 abiecere.

304 4150 358 4215 2)
396 4150 633 4201 Scilicet
692 4151 786 4217 qui
821 4151 1023 4201 librum
1070 4168 1119 4201 c.
1160 4151 1283 4216 103,
1324 4153 1356 4201 2
1478 4151 1530 4215 3)
1569 4153 1784 4216 Quippe
1829 4154 1878 4202 si
1922 4154 2192 4203 rationem
2229 4152 2530 4221 diligenter

236 4234 497 4299 finivere,
540 4240 786 4285 extrema
822 4252 963 4303 quae
1010 4242 1354 4302 supererant,
1411 4237 1734 4289 subduxeris
1793 4252 1979 4288 earum
2035 4238 2336 4305 linearum,
2386 4258 2528 4306 quae

240 4325 337 4369 aut
372 4319 669 4385 neglexere
709 4326 804 4371 aut
842 4323 983 4387 quod
1017 4338 1161 4372 nexu
1205 4338 1357 4373 care·
1410 4338 1521 4373 non
1556 4324 1756 4388 plenae
1793 4328 1938 4375 sunt.

376 4422 649 4473 SALLusm.
686 4439 776 4473 m).
810 4424 1085 4474 Dm'rscu.
2078 4408 2104 4467 1
