3042 4917
492 301 573 365 '22
1174 318 1790 361 connnnrxvrmnun
1825 314 1980 359 cAP.
2025 316 2094 360 11.

492 494 550 531 se
583 483 917 549 oportunum
962 474 1305 537 habiturum,
1367 470 1451 529 sin
1506 472 1685 529 minus
1739 472 1948 528 animos
1997 488 2188 528 eorum
2241 472 2596 545 cogniturum
2647 468 2786 543 (cfr.
2835 472 2860 495 ⁴

488 584 576 639 88,
626 575 697 649 4).
785 575 939 643 Quod
982 592 1105 631 cum
1149 575 1508 631 intellexisset
1539 572 1838 647 Konighoff
1861 574 1982 629 crit.
2029 581 2100 629 et.
2147 592 2296 647 exeg.
2347 590 2534 647 progr.
2575 572 2782 643 Trevir.

493 684 645 741 1854,
690 678 827 732 viam
872 677 1189 734 emendandi
1234 676 1493 751 praeivit,
1544 676 1838 732 ostendens
1886 681 1942 731 et
1985 668 2052 731 ab
2097 675 2336 731 librariis
2395 673 2786 747 interpositum

492 796 642 842 esse,
702 778 796 853 qni
854 796 1011 834 usum
1068 775 1369 852 particulae
1418 780 1471 833 si
1514 784 1643 851 post
1687 776 1878 839 verba,
1925 776 1980 832 in
2026 777 2226 851 quibus
2266 774 2581 851 experiundi
2629 776 2786 831 notio

491 888 591 943 est,
635 880 970 953 ignorarent.
1050 880 1215 936 Cuius
1260 898 1393 936 usus
1437 877 1678 952 quamvis
1723 877 1934 935 nullum
1977 877 2121 935 aliud
2169 896 2253 953 ap.
2307 877 2434 933 Sall.
2477 877 2784 951 exemplum

482 982 815 1044 inveniatur,
858 989 1038 1037 tamen
1085 981 1161 1037 ita
1200 980 1556 1055 pervolgatus
1599 988 1709 1043 est,
1764 988 1826 1036 ut
1871 980 2004 1053 quin
2051 980 2126 1035 ita
2171 980 2263 1036 ille
2306 980 2504 1035 dixerit
2544 978 2786 1035 dubitari

494 1091 746 1158 nequeat.
836 1083 931 1139 Set
986 1082 1226 1139 restabat
1278 1085 1726 1155 oportunitateS,
1785 1082 1934 1155 quod
1993 1082 2125 1138 ferri
2184 1081 2337 1137 nullo
2385 1081 2548 1137 modo
2593 1086 2788 1155 posset

496 1193 552 1241 et
592 1194 769 1242 tamen
808 1184 1076 1241 librorum
1104 1184 1205 1242 fide
1248 1185 1518 1241 munitum
1565 1191 1726 1240 esset.
1806 1182 1945 1251 Quid
1987 1184 2161 1257 igitur
2189 1184 2300 1239 veri
2345 1182 2576 1238 similius
2623 1198 2788 1255 quam

496 1286 756 1343 excidisse
801 1288 867 1344 ob
909 1287 1391 1362 praepositionem,
1438 1286 1491 1341 id
1529 1286 1677 1359 quod
1717 1286 1818 1341 iam
1861 1293 2016 1341 antea
2047 1286 2194 1341 viros
2225 1286 2416 1341 doctos
2451 1270 2790 1339 inteflexisse

495 1389 853 1463 cognoscitur
907 1406 973 1444 ex
1023 1387 1059 1443 l.
1114 1387 1447 1444 Rectissume
1512 1387 1693 1461 igitur
1744 1388 1848 1443 hoc
1907 1386 2158 1461 probavit
2212 1384 2528 1442 Gerlachius
2583 1385 2665 1440 ed.
2722 1384 2790 1440 lv

495 1490 666 1564 praef.
704 1508 757 1564 p.
802 1490 959 1545 XXIII
992 1496 1127 1545 extr.
2051 1480 2054 1483 ⁴

667 1591 783 1665 lug.
828 1599 922 1654 53,
965 1598 999 1651 5
1052 1607 1190 1663 quae
1245 1589 1300 1644 in
1342 1590 1529 1663 paucis
1588 1596 1644 1645 et
1697 1589 1776 1645 eis
1834 1588 2200 1645 deterioribus
2247 1588 2402 1643 libris
2443 1588 2660 1644 inventa
2702 1596 2792 1644 est

498 1692 771 1749 correctio
811 1692 962 1765 fessi
994 1694 1243 1763 lassique
1286 1699 1455 1747 erant
1495 1684 1571 1765 ¹),
1629 1692 1704 1746 ita
1755 1688 1992 1753 adridet,
2045 1698 2109 1746 ut
2161 1708 2272 1745 non
2324 1690 2586 1747 miremur
2642 1690 2794 1763 quod

499 1794 751 1869 plerique
788 1810 904 1850 eam
949 1792 1251 1867 adripuere.
1346 1795 1417 1848 At
1465 1793 1706 1867 quamvis
1760 1778 1984 1849 mirifice
2043 1810 2205 1866 saepe
2251 1791 2606 1848 scribentium
2649 1790 2792 1864 lapsi

500 1896 611 1952 sint
650 1895 867 1958 calami,
924 1902 1101 1951 tamen
1154 1912 1263 1968 quo
1322 1895 1483 1951 modo
1543 1896 1684 1951 lassi
1727 1895 1784 1951 in
1842 1896 1979 1950 laeti
2020 1893 2308 1968 conrumpi
2353 1892 2626 1968 potnerit,
2677 1898 2792 1947 tam

498 1996 717 2054 difficile
774 2005 859 2055 est
914 1998 979 2053 ad
1042 1996 1502 2071 intellegundum,
1571 2004 1633 2052 ut
1680 1996 1726 2052 si
1784 1995 1886 2054 alia
1935 2001 2119 2070 pateat
2177 1995 2286 2059 via,
2345 2012 2408 2051 ea
2463 1994 2654 2068 utique
2709 1993 2795 2047 in-

500 2100 801 2174 grediunda
856 2099 945 2157 sit.
1037 2099 1225 2155 Nonne
1285 2099 1457 2171 igitur
1514 2097 1722 2153 laetitia
1785 2096 2044 2153 victoriae
2109 2114 2225 2153 eam
2285 2096 2391 2151 vim
2449 2097 2502 2152 in
2555 2094 2794 2151 militum

502 2202 711 2257 animos
749 2202 929 2265 habet,
976 2209 1039 2257 ut
1084 2200 1263 2256 omnia
1306 2200 1409 2256 alia
1448 2199 1776 2273 neglegant?
1851 2198 2074 2253 Veteres
2105 2205 2254 2253 certe
2301 2198 2352 2253 id
2391 2197 2599 2272 opinati
2643 2204 2794 2253 sunt.

501 2304 632 2359 Nam
676 2322 760 2377 ap.
806 2303 915 2358 Liv.
972 2301 1105 2358 XXII
1150 2309 1209 2365 6,
1250 2310 1283 2362 9
1343 2302 1401 2356 T.
1448 2299 1676 2356 Manlius
1720 2301 2032 2374 Torquatus
2089 2306 2143 2354 et
2201 2316 2330 2355 cum
2382 2298 2560 2371 fessis
2615 2299 2798 2372 inquit

495 2406 814 2477 puynando
861 2405 1131 2472 hostibu3‚
1178 2408 1295 2459 tum
1340 2402 1582 2459 victoria
1609 2403 1774 2457 laetis
1816 2408 1870 2457 et
1902 2402 2044 2471 ipsis
2065 2402 2365 2474 plerisque
2409 2402 2692 2473 reyressis
2732 2398 2797 2455 in

504 2512 703 2562 castra
758 2522 868 2562 sua
922 2511 1140 2561 noctem
1200 2506 1277 2559 ad
1316 2506 1734 2574 erumpendum
1793 2504 2031 2559 liberam
2075 2503 2406 2559 habuissent
2453 2509 2558 2559 cet.
2645 2502 2794 2557 Unde

505 2625 617 2681 quo
657 2607 775 2663 iure
819 2625 923 2679 ego
968 2606 1112 2680 apud
1158 2605 1474 2661 Sallustium
1515 2613 1642 2679 post
1683 2607 1932 2676 laetique
1978 2604 2238 2662 excidisse
2296 2604 2378 2660 vel
2429 2601 2670 2661 victoria
2711 2602 2798 2658 vel

506 2710 653 2782 quod
700 2708 872 2764 simile
918 2714 1063 2764 esset
1107 2707 1337 2764 iudicem
1378 2705 1614 2763 lectores
1643 2690 1917 2764 statuant.

677 2810 790 2883 lug.
838 2819 922 2872 55,
946 2787 1101 2868 4‘ita
1142 2826 1251 2881 quo
1294 2810 1513 2865 clarior
1548 2816 1677 2864 erat
1711 2824 1776 2864 eo
1808 2810 1988 2881 mayis
2026 2810 2243 2864 anxius
2273 2812 2404 2863 erat
2444 2824 2604 2863 nemo
2640 2805 2798 2881 quid-

508 2928 669 2985 quam
716 2912 1079 2986 reprehendet
1123 2918 1217 2967 aut
1260 2910 1606 2967 desiderabit.
1695 2910 1788 2966 Set
1827 2928 1950 2967 cum
1994 2909 2122 2966 boni
2171 2908 2297 2964 libri
2339 2924 2404 2964 eo
2449 2906 2632 2981 mayz's
2671 2910 2798 2964 ani-

508 3029 635 3069 mus
676 3016 923 3083 (insciae,
969 3013 1061 3070 alii
1106 3029 1171 3071 eo
1222 3015 1403 3085 maqis
1457 3013 1798 3081 animosior,
1857 3011 1948 3068 alii
2006 3027 2070 3067 eo
2129 3012 2442 3067 animosior
2487 3010 2829 3071 exhibeant,.

508 3116 621 3171 veri
665 3134 776 3172 non
818 3116 1081 3174 dissimile
1125 3116 1341 3189 videtur
1384 3116 1438 3171 in
1481 3115 1776 3189 archetypo
1811 3104 2002 3171 animo
2038 3116 2256 3169 arescius
2295 3112 2560 3187 scriptum
2607 3112 2797 3167 fuisse.

508 3218 647 3285 Quid
694 3218 839 3292 quod
884 3221 1074 3275 animo
1117 3217 1414 3293 aptissuine
1456 3216 1724 3273 adiectum
1769 3216 1985 3271 videtur
2031 3215 2234 3289 quippe
2280 3232 2390 3288 quo
2439 3213 2796 3287 significetur,

507 3318 831 3375 claritudine
872 3320 1069 3376 Metelli
1108 3320 1342 3376 animum
1373 3336 1484 3375 non
1531 3317 1735 3374 elatum
1775 3325 1860 3373 set
1903 3324 2123 3373 cautum
2167 3323 2222 3372 et
2266 3316 2551 3391 providum
2595 3315 2800 3372 factum

510 3426 645 3475 esse‘.
726 3419 847 3475 Alio
890 3421 1051 3477 modo
1098 3420 1279 3476 animi
1320 3422 1540 3475 anxius
1581 3419 1786 3475 dictum
1832 3426 1914 3475 cst
1957 3419 2044 3473 Fr.
2091 3418 2192 3474 inc.
2241 3423 2308 3478 75
2364 3416 2456 3473 Kr.
2513 3434 2596 3490 ap.
2637 3416 2797 3472 AruS.

510 3537 569 3594 P··
610 3527 713 3581 216
756 3520 813 3574 L.
2669 3584 2674 3588 ι

682 3621 795 3694 lug.
841 3628 925 3684 63,
971 3628 1005 3681 6
1046 3624 1403 3679 consulatum
1450 3622 1503 3677 in
1551 3621 1792 3697 optumis
1837 3621 1990 3677 libris
2024 3621 2192 3682 deest,
2238 3634 2562 3693 quamquam
2605 3634 2670 3673 eo
2707 3635 2800 3673 vo-

509 3722 705 3780 cabulo
762 3740 947 3779 carere
998 3721 1152 3779 nullo
1207 3724 1369 3779 modo
1420 3742 1714 3798 possumus
1757 3717 1822 3796 2).
1921 3723 2048 3778 Nam
2104 3740 2226 3779 cum
2276 3720 2516 3776 Kritzius
2569 3719 2798 3781 monuit,

514 3824 771 3899 quoniam
800 3842 921 3881 cum
964 3825 1018 3881 in
1064 3831 1183 3881 toto
1221 3825 1414 3899 capite,
1461 3832 1578 3882 tum
1616 3824 2066 3901 praecedentibus
2111 3822 2286 3879 verbis
2319 3822 2598 3893 ampliore
2627 3838 2800 3891 quam

510 3928 750 4000 yerebat
777 3928 983 4000 diynus
1010 3927 1076 3982 de
1106 3926 1397 3984 consulatu
1433 3945 1614 3985 sermo
1651 3934 1811 3988 essct,
1850 3925 2006 3982 facile
2040 3925 2092 3980 id
2119 3922 2436 3980 vocabulum
2461 3930 2641 3977 mente
2675 3920 2801 3977 sub-

584 4092 647 4158 1)
703 4093 1039 4145 Correctoris
1095 4108 1214 4145 esse
1264 4095 1431 4145 etiam
1476 4092 1627 4157 inde,
1680 4108 1804 4142 vam
1843 4090 2313 4156 perturbationem
2361 4086 2570 4139 ordinis
2607 4076 2799 4137 verbo-

516 4178 660 4243 quod
704 4179 763 4227 in
805 4180 1062 4259 B‘super
1106 4182 1326 4245 laetique
1363 4180 1628 4245 scriptum
1679 4194 1800 4227 rum
1843 4177 1914 4226 ab
1961 4173 2156 4225 mendo
2204 4174 2322 4225 cod.
2379 4170 2462 4243 P¹¹
2493 4171 2802 4237 profectam

518 4268 602 4321 est
636 4266 830 4323 lassati,
870 4263 1117 4329 adparet.
1683 4278 1803 4313 esse
1842 4276 2054 4311 mone0.

582 4346 646 4412 2)
690 4348 768 4399 Ut
812 4348 878 4399 de
922 4348 1027 4399 hoc
1063 4349 1186 4400 loco
1222 4348 1412 4400 statim
1448 4346 1629 4399 absol—
