3042 4917
900 295 1508 341 conunu‘ra'rlonnu
1549 295 1694 339 car.
1739 296 1826 339 lv.
2427 270 2507 335 53

222 454 321 513 lat.
362 456 420 528 3.
458 461 563 517 439
602 473 656 530 p.
700 452 845 527 466).
934 451 1072 521 Quid
1116 452 1320 527 igitur?
1398 451 1530 512 Cum
1571 453 1754 525 mayis
1801 451 1964 509 etiam
2015 448 2202 507 multis
2247 448 2384 507 locis
2431 447 2512 503 in-

220 558 377 613 curia
404 557 473 613 ab
504 556 743 613 librariis
780 556 1039 613 omissum
1071 572 1191 613 esse
1220 563 1546 629 conpertum
1583 555 1655 611 sit
1684 552 1822 627 (vide
1857 554 1906 609 si
1932 554 2066 610 tanti
2102 560 2203 614 est,
2233 551 2346 607 Cat.
2379 560 2428 611 l.
2457 556 2508 614 2,

220 659 321 715 ubi
366 660 423 715 in
464 671 517 721 σ,
562 658 637 715 ib.
682 668 716 719 5
760 657 855 715 ubi
889 658 945 713 in
974 649 1171 715 ΒΜῖιιι1
1202 657 1385 721 deest;
1428 656 1529 713 cfr.
1572 674 1678 713 var.
1723 674 1828 715 scr.
1867 656 1934 713 ad
1963 662 2012 718 7.
2049 665 2098 716 1.
2139 663 2220 719 11,
2259 662 2306 715 1.
2345 658 2430 715 52,
2455 651 2512 725 3)

222 778 327 818 nec
370 761 551 818 minus
594 777 755 834 saepe
796 759 977 816 locum
1020 766 1259 815 mutasse
1304 757 1423 830 (cfr.
1471 776 1580 813 var.
1617 776 1722 815 scr.
1763 759 1828 815 ad
1872 765 1957 822 20,
1989 763 2072 818 17.
2119 763 2205 818 22,
2229 762 2278 813 2.
2320 760 2406 817 54,
2435 753 2508 826 5).

222 871 409 921 utrum
454 861 765 920 credibilius
806 868 857 923 8,
909 869 931 919 l
981 860 1075 917 ubi
1116 876 1185 917 ne
1227 860 1320 933 qui
1362 859 1489 917 libri
1535 861 1750 933 quidem
1797 860 2052 917 omittant
2097 859 2230 915 satis
2277 864 2510 918 constat,

224 972 283 1021 et
338 972 399 1027 9,
456 974 489 1025 5
542 964 635 1021 ubi
688 965 875 1035 maqis
930 979 1129 1036 magno
1177 962 1690 1019 vetustissumorum
1755 978 2026 1019 consensu
2086 960 2354 1017 munitum
2405 966 2508 1021 est,

222 1066 501 1140 glossema
554 1065 609 1121 in
654 1072 859 1121 textum
905 1064 1229 1139 inrepsisse,
1286 1082 1353 1121 an
1404 1082 1503 1139 per
1547 1063 1946 1138 neglegentiam
2003 1064 2058 1120 in
2101 1060 2377 1119 nonnullis
2421 1078 2510 1117 ex-

222 1167 460 1225 cidisse?

396 1268 595 1325 Contra
638 1267 911 1341 glossema
952 1284 1095 1323 nunc
1145 1266 1353 1331 iudico,
1416 1268 1564 1340 quod
1621 1266 1752 1324 olim
1795 1282 2008 1323 summo
2052 1266 2233 1323 studio
2276 1264 2508 1329 defendi,

222 1370 481 1427 hostibus
525 1370 635 1425 Cat.
686 1376 775 1430 1⁶2,
821 1378 871 1428 5.
959 1368 1091 1425 Nam
1148 1369 1193 1425 si
1238 1387 1303 1425 ex
1360 1368 1629 1426 librorum
1672 1369 1776 1425 fide
1823 1376 1987 1442 atque
2037 1368 2364 1426 auctoritate
2421 1385 2510 1423 ex·

222 1472 489 1528 istumare
540 1470 807 1533 volueris,
872 1489 993 1527 cum
1048 1488 1157 1528 uno
1218 1488 1491 1529 consensu
1547 1472 1708 1546 primi
1777 1470 1994 1544 generis
2043 1470 2258 1527 codices
2322 1486 2510 1525 omnes

223 1581 283 1629 et
324 1590 392 1629 ex
434 1560 827 1629 recedtioribus
861 1581 1131 1646 ‘optumus
1184 1557 1415 1646 quisque
1464 1552 1721 1653 omittant
1745 1616 1758 1637 ,
1817 1573 1870 1629 in
1926 1590 2036 1629 uno
2093 1573 2157 1628 ad
2211 1570 2509 1645 marginem

224 1675 281 1729 in
326 1674 501 1731 altero
544 1690 647 1749 pro
693 1691 757 1730 eo
791 1676 952 1730 victis
1000 1674 1262 1748 seriptum
1310 1674 1397 1737 sit,
1440 1676 1808 1748 gravissumae
1852 1673 2149 1749 suspicioni
2189 1673 2322 1729 illud
2354 1690 2510 1731 voca-

222 1775 416 1832 bulum
462 1774 754 1831 obnoxium
786 1792 906 1833 esse
936 1792 1135 1849 negare
1180 1794 1291 1833 non
1333 1776 1561 1851 poteris.
1632 1776 1846 1839 Deinde,
1885 1777 2030 1852 quod
2063 1766 2208 1833 olim¹
2237 1775 2508 1838 contendi,

222 1896 349 1934 cuin
388 1878 760 1949 iynavissumi
798 1878 1051 1933 homines
1094 1884 1151 1933 et
1188 1877 1516 1950 fortissumi
1558 1881 1696 1947 viri,
1754 1897 1853 1954 per
1895 1894 2176 1935 summum
2219 1880 2408 1934 scelus
2456 1885 2511 1933 et

224 1982 473 2036 victores
516 1978 571 2051 (i.
619 1997 665 2035 e.
711 1979 969 2035 victoriae
1015 1978 1154 2052 iure)
1200 1978 1342 2035 inter
1388 1999 1447 2037 se
1492 1980 1746 2054 obposita
1790 1989 2002 2044 essent,
2047 1980 2276 2047 ratione·
2303 1978 2510 2051 efflagi-

222 2082 331 2138 tari
376 2090 439 2139 ut
478 2082 649 2137 sociis
696 2098 916 2155 quoque
961 2081 1109 2154 quod
1149 2082 1509 2155 responderet
1550 2081 1807 2144 haberet,
1865 2081 2027 2156 idque
2069 2082 2321 2137 hostibus
2362 2098 2509 2137 com-

224 2184 558 2241 modissume
602 2200 739 2249 esse,
784 2182 993 2239 acutius
1038 2200 1198 2255 quam
1233 2184 1413 2239 verius
1454 2184 1660 2240 dictum
1717 2182 1838 2238 fuit.
1924 2184 2112 2241 Nonne
2153 2181 2292 2238 enim
2338 2180 2510 2255 obpo-

224 2286 459 2343 sitorum
505 2284 741 2359 gravitas
779 2302 845 2340 eo
889 2284 1011 2359 ipso
1054 2292 1313 2358 augetur,
1367 2304 1489 2343 cum
1537 2286 1603 2342 ad
1640 2303 1807 2341 unum
1851 2302 2117 2341 conrnune
2161 2284 2508 2340 reseruntur?

222 2388 292 2443 Et
335 2404 515 2444 nonne
574 2387 666 2460 qui
720 2386 845 2442 victi
892 2404 953 2442 se
991 2386 1245 2443 Romanis
1296 2387 1584 2450 dedidere,
1643 2387 2121 2445 consestimsocii
2165 2385 2292 2443 facti
2337 2384 2508 2441 sunt?

224 2488 447 2546 Scilicet
488 2505 598 2545 non
640 2488 707 2543 de
752 2488 831 2544 eis
869 2487 1033 2545 rebus
1076 2489 1259 2561 agitur
1300 2506 1437 2562 quae
1478 2488 1742 2562 flagrante
1787 2489 1931 2547 bello
1979 2489 2229 2545 hostibus
2271 2486 2510 2561 eripiun-

222 2599 335 2654 tur,
382 2598 469 2647 set
508 2590 575 2645 de
620 2589 699 2645 eis
744 2607 880 2663 quae
923 2589 1192 2646 dediticiis
1234 2590 1352 2645 iure
1397 2590 1560 2646 adimi
1601 2591 1882 2665 potuerint
1924 2608 2170 2665 quaeque
2199 2607 2299 2665 per
2333 2588 2509 2645 scelus

222 2692 548 2749 adimantur.
636 2690 751 2759 Qua
789 2709 849 2746 re
891 2691 1089 2747 merito
1131 2692 1185 2747 in
1231 2691 1335 2748 hoc
1377 2710 1463 2747 me
1500 2692 1619 2767 ipse
1659 2693 1954 2767 castigasse
1997 2694 2129 2749 mihi
2179 2692 2380 2749 videor.

398 2795 567 2861 Alea,
628 2792 775 2866 quod
815 2792 927 2847 Cat.
976 2799 1071 2855 14,
1114 2799 1148 2851 2
1191 2792 1247 2847 in
1290 2793 1570 2851 nonnullis
1628 2791 1785 2851 libris
1841 2804 1936 2853 aut
1977 2814 2152 2851 manu
2200 2791 2508 2850 adiunctum

224 2902 321 2951 aut
361 2911 465 2969 pro
523 2912 589 2951 eo
632 2894 989 2952 substitutum
1043 2891 1275 2967 legitur,
1343 2894 1615 2969 glossema
1679 2914 1800 2953 esse
1855 2914 2042 2953 omnes
2085 2896 2320 2953 confessi
2365 2904 2508 2957 sunt,

224 2996 465 3053 eiusdem
529 3004 707 3053 autem
758 2996 952 3070 eapitis
991 2995 1261 3071 principio
1306 3014 1375 3053 eo
1434 2999 1581 3071 quod
1629 2996 1682 3054 in
1724 2997 1998 3055 nonnullis
2046 2996 2201 3054 libris
2245 2997 2508 3072 seriptum

224 3106 313 3156 est
352 3100 411 3154 in
458 3105 621 3154 tanta
658 3100 853 3170 itaque
898 3105 1125 3169 tamque
1172 3106 1461 3170 conrupta
1502 3101 1754 3167 civitate,
1813 3099 1969 3156 facile
2025 3100 2089 3156 ad
2135 3117 2252 3156 eam
2292 3108 2510 3156 senten-

226 3201 357 3256 tiam
397 3200 710 3263 adducariS,
762 3209 823 3257 ut
867 3202 1059 3272 itaque
1105 3218 1205 3273 per
1249 3206 1477 3272 tamque
1520 3200 1843 3275 explicatum
1886 3200 2048 3275 idque
2088 3201 2141 3257 in
2185 3209 2390 3258 textum
2427 3200 2510 3256 in-

226 3302 467 3377 repsisse
510 3302 767 3376 opineris,
812 3310 897 3359 set
941 3302 1197 3375 quoniam
1240 3302 1295 3359 in
1336 3301 1457 3359 aliis
1499 3304 1693 3375 itaque
1737 3302 2110 3377 praemissum,
2150 3302 2206 3359 in
2249 3302 2291 3359 T
2336 3306 2511 3376 ἐρέται·

227 3404 495 3479 scriptum
534 3411 635 3465 est,
676 3403 808 3460 illud
854 3406 1049 3475 itaque
1090 3404 1157 3460 ab
1195 3404 1274 3460 cis
1313 3405 1646 3480 adscriptum
1688 3411 1807 3462 esse
1852 3404 1965 3462 veri
2006 3404 2236 3461 similius
2279 3406 2509 3470 videtur,

228 3504 322 3579 qui
365 3523 559 3561 nexum
610 3506 873 3579 quendam
910 3523 1033 3561 cum
1077 3506 1526 3580 praecedentibus
1571 3508 1965 3565 restituendum
2009 3516 2310 3564 censerent.
2398 3508 2509 3565 Cat.

230 3616 327 3669 15,
370 3617 402 3667 5
464 3616 755 3681 postquam
813 3608 879 3663 de
921 3615 1100 3663 mente
1151 3625 1250 3682 per
1304 3610 1691 3666 conscientiam
1749 3618 1954 3666 vastata
2011 3610 2214 3667 dictum
2264 3619 2374 3673 est,
2435 3610 2513 3667 sic
2597 3622 2602 3629 ·

228 3708 507 3783 pergitur:
552 3710 729 3780 ἱρεῖαι·
766 3710 917 3765 colos
944 3711 1260 3781 exanquiS,
1302 3709 1464 3782 foedi
1504 3714 1672 3779 oculi,
1717 3714 1865 3768 citus
1909 3714 2071 3769 modo
2105 3713 2268 3768 modo
2309 3715 2514 3768 tardus

225 3813 517 3867 incessus.-
570 3825 845 3881 prorsus·
875 3812 933 3866 in
974 3810 1133 3883 facie
1180 3814 1445 3884 voltuque
1490 3816 1757 3870 vecordia
1798 3816 2009 3869 inerat,
2097 3812 2176 3871 Ita
2219 3822 2513 3889 praeeunte

226 3911 415 3967 Cot-tio
462 3929 649 3983 omnes
696 3911 944 3976 edidere;
983 3911 1193 3987 primus
1236 3913 1551 3972 Gerlachius
1594 3915 1650 3971 in
1693 3915 1929 3972 editione
1972 3916 2280 3973 novissuma
2317 3932 2382 3971 ex
2425 3933 2513 3973 ve·

228 4012 567 4069 tustissumis
610 4012 765 4069 libris
809 4015 962 4069 colos
1005 4017 1061 4070 ei
1101 4018 1388 4089 exanyuis
1431 4016 1692 4079 restituit,
1728 4016 1882 4073 cuius
1928 4018 2250 4073 sententiam
2279 4034 2513 4092 conpro-

228 4114 455 4172 bandam
505 4114 649 4172 duxi.
714 4114 899 4190 Neque
942 4116 1085 4174 enim
1132 4118 1277 4191 quod
1315 4118 1647 4175 recentiores
1693 4116 1821 4172 libri
1862 4120 1986 4173 eius
2029 4118 2319 4191 praebent,
2367 4121 2513 4193 quod

230 4216 285 4272 in
324 4216 515 4291 paucis
556 4215 709 4273 locus
739 4218 1081 4292 pronominis
1122 4228 1379 4282 mutatus,
1413 4219 1467 4274 in
1502 4236 1612 4275 uno
1647 4236 1699 4274 m
1733 4236 1898 4293 super
1927 4218 2069 4275 linea
2113 4220 2376 4293 scriptum
2412 4230 2512 4285 est,
2591 4270 2595 4275 .
2653 4202 2660 4215 ⁸

238 4318 373 4375 tanti
412 4326 501 4375 est
534 4326 594 4375 ut
628 4318 973 4394 glossematis
1016 4320 1255 4397 suspicio
1288 4319 1443 4378 libris
1488 4321 1694 4379 munita
1723 4319 1965 4379 habenda
1993 4321 2080 4387 sit,
2119 4340 2296 4399 neque
2331 4323 2514 4389 Probi,
