3042 4917
828 285 1472 350 ‘connnnmarionun
1517 283 1662 330 cai».
1707 284 1767 328 v.
2318 263 2475 326 ,115

199 445 364 502 tiones
411 453 469 501 et
521 442 848 518 glossemata
906 445 958 500 in
1028 450 1231 500 textum
1283 441 1675 516 reciperentur.
1776 440 1844 496 Ut
1890 439 2061 512 igitur
2121 439 2281 513 quale
2341 438 2474 496 illud

191 549 351 603 suerit
393 547 713 604 coniectura
759 545 1029 620 probabili
1073 545 1336 619 consequi
1364 544 1657 618 possimus,
1708 543 1775 599 de
1810 542 2203 598 sententiarum
2236 560 2378 598 nexu
2412 560 2473 598 ac

192 650 397 706 ratione
443 649 814 724 quaerendum
868 656 970 704 est.
1059 648 1168 703 Iam
1223 647 1318 720 qui
1371 645 1522 702 nulla
1578 645 1945 720 praeiudicata
2000 644 2258 718 opinione
2313 644 2473 700 verba

188 771 314 807 nam
370 755 428 808 vi
475 753 703 822 quidem
756 779 842 790 —-—·
893 751 1211 807 libertatem
1267 766 1434 806 suam
1492 749 1824 820 yratificari
1876 746 2301 803 consideraverit
2359 763 2470 803 non

189 856 389 928 poterit
435 871 548 909 non
591 853 905 914 concedere,
949 869 1012 908 ea
1056 851 1235 908 omnia
1279 851 1343 907 ad
1372 850 1740 924 gerendorum
1779 850 2051 906 honorum
2088 866 2151 906 ac
2185 849 2472 922 magistra·

191 963 334 1012 tuum
392 956 666 1010 rationem
723 961 986 1028 spectare.
1077 951 1222 1021 Quae
1283 969 1498 1026 semper
1546 951 1749 1025 duplex
1801 959 1915 1014 est,
1968 959 2037 1038 pt
2088 951 2217 1007 boni
2265 950 2471 1024 aliquid

187 1067 271 1113 aut
317 1057 594 1114 efficiatur
637 1063 732 1112 aut
771 1072 884 1110 non
917 1054 1204 1111 efficiatur.
1292 1054 1472 1127 Atque
1513 1054 1589 1110 ita
1635 1052 1953 1110 Sallustium
1996 1053 2309 1126 bipartitam
2350 1071 2470 1109 ora-

191 1160 388 1216 tionem
435 1177 557 1214 esse
591 1157 848 1219 voluisse,
894 1155 1236 1230 intellegitur
1280 1174 1344 1211 ex
1399 1173 1462 1210 ea
1504 1155 1744 1218 ratione,
1799 1173 1905 1228 qua
1944 1155 2180 1227 frustra
2226 1158 2331 1211 niti
2372 1173 2472 1230 per

186 1260 505 1335 particulam
544 1267 735 1316 autem
777 1255 1116 1333 praegressis
1161 1257 1438 1332 obposuit.
1528 1258 1658 1313 Nisi
1692 1256 1850 1330 forte
1895 1274 2022 1312 vero
2066 1274 2359 1332 numquam
2404 1257 2471 1314 ab

187 1363 443 1428 Sallustio
487 1369 812 1436 usurpatum
864 1368 966 1423 est,
1010 1361 1117 1416 nisi
1160 1367 1223 1416 ut
1270 1378 1391 1417 cum
1425 1361 1589 1416 modo
1637 1376 1963 1435 praegresso
2006 1358 2297 1416 artissume
2340 1377 2471 1416 con·

186 1465 459 1537 iungatur‚
508 1464 654 1539 quod
700 1470 796 1519 aut
833 1472 1025 1519 contra
1077 1480 1229 1536 spem
1275 1462 1531 1518 acciderit
1576 1469 1670 1518 aut
1712 1461 1779 1517 ab
1822 1462 2035 1518 nemine
2070 1462 2226 1519 facile
2267 1462 2468 1518 sactum

184 1566 245 1621 iri
288 1567 534 1641 scriptor
575 1573 745 1640 ponat
802 1563 936 1638 (vid.
982 1563 1093 1619 Ind.
1153 1571 1208 1620 et
1254 1581 1390 1638 quae
1445 1563 1575 1620 olim
1631 1563 1899 1638 disputavi
1952 1565 2019 1620 ad
2063 1564 2177 1637 lug.
2228 1584 2281 1640 p.
2332 1564 2468 1638 117),

185 1678 239 1723 ut
279 1668 652 1724 manufestum
697 1669 785 1730 sit,
831 1666 1132 1723 membrum
1170 1667 1284 1722 nisi
1315 1666 1474 1738 forte
1516 1697 1591 1706 —
1624 1667 1957 1738 qratificari
1979 1667 2263 1723 continere
2304 1668 2471 1723 ratio·

185 1789 316 1834 nem,
372 1787 482 1844 qua
525 1768 730 1843 aliquid
775 1769 915 1826 effici
958 1769 1162 1843 possit,
1211 1785 1371 1841 quam
1406 1786 1536 1824 vero
1580 1785 1741 1824 nemo
1785 1757 1942 1824 facile
1989 1768 2341 1841 ingressurus
2378 1771 2467 1826 sit.

185 1873 351 1928 Verba
389 1879 569 1927 autem
600 1889 668 1928 ue
704 1871 1084 1946 neglegantur,
1128 1872 1445 1942 inportuna
1487 1870 1593 1927 dici
1633 1887 1743 1926 non
1788 1887 1926 1945 quae
1970 1869 2273 1944 periculum
2313 1872 2469 1928 mini-

187 1983 398 2036 tentur,
459 1980 544 2029 set
607 1991 744 2047 quae
805 1972 1181 2046 oportunitate
1225 1971 1545 2047 perficiundi
1604 1970 1687 2027 vel
1741 1972 2003 2027 tractandi
2068 1981 2287 2028 careant
2342 1972 2465 2046 (vid.

187 2077 342 2133 Madv.
393 2077 457 2131 ad
495 2075 601 2132 Cic.
649 2077 700 2130 d.
747 2075 861 2130 Fin.
910 2075 954 2130 11
994 2081 1078 2137 26,
1121 2080 1188 2135 85
1234 2093 1286 2148 p.
1326 2073 1478 2146 288),
1524 2091 1657 2148 ergo
1704 2091 1840 2147 quae
1876 2091 2036 2129 nemo
2075 2073 2233 2130 facile
2277 2075 2468 2148 adgre-

185 2179 378 2241 diatur,
423 2186 674 2253 apertum
721 2186 830 2240 est,
887 2194 986 2233 nec
1043 2177 1248 2257 minus‘
1277 2176 1324 2231 si
1383 2179 1591 2232 delicta
1634 2178 1935 2248 conriyere
1986 2176 2031 2232 is
2082 2175 2320 2240 dicatur,
2372 2179 2465 2252 qui

185 2282 560 2353 magistratum
603 2280 778 2336 multo
815 2279 1042 2352 negotio
1087 2295 1149 2334 ac
1189 2278 1375 2333 labore
1410 2279 1682 2351 petiverit,
1729 2263 1843 2335 non
1869 2279 1935 2334 de
1970 2278 2201 2334 aliorum
2230 2277 2463 2343 delictis,

187 2390 263 2437 set
307 2384 374 2438 de
421 2382 540 2439 eius
579 2383 750 2456 ipsius
795 2381 1028 2456 cogitari
1085 2397 1280 2455 posse;
1345 2380 1555 2437 scilicet
1609 2382 1701 2455 qui
1763 2381 1811 2436 vi
1868 2383 2046 2438 utitur
2103 2382 2159 2436 iu
2210 2382 2464 2455 regendis

187 2486 356 2556 patria
400 2493 458 2540 et
501 2484 837 2559 parentibus,
884 2481 1028 2538 tollit
1073 2482 1290 2556 quidem
1333 2482 1458 2538 vitia
1503 2482 1701 2539 civium
1745 2491 1800 2540 et
1846 2483 1985 2540 mala
2040 2484 2097 2540 in
2145 2502 2205 2540 re
2249 2483 2467 2558 publica

187 2594 302 2642 nata
339 2596 397 2643 et
455 2586 780 2649 inveterata,
829 2591 914 2641 set
971 2585 1046 2640 ita
1089 2584 1280 2647 simul,
1341 2602 1480 2658 quae
1536 2585 1653 2658 ipse
1702 2586 1962 2643 advorsus
2013 2585 2161 2660 leges
2214 2586 2464 2660 deliquit,

185 2688 434 2762 conrigit.
522 2689 631 2744 Iam
675 2688 812 2743 hanc
855 2703 976 2743 esse
1016 2686 1240 2742 Sallusti
1281 2687 1604 2744 sententiam
1652 2688 1982 2745 invenimus:
2032 2689 2088 2750 in
2134 2689 2466 2762 magistrati-

187 2791 278 2847 hus
323 2801 380 2848 et
435 2791 662 2865 inperiis
707 2798 803 2846 aut
847 2797 910 2844 ut
953 2788 1157 2863 aliquid
1203 2787 1404 2844 efficias
1472 2789 1524 2844 vi
1581 2792 1843 2848 utendum
1896 2799 1981 2847 est
2035 2792 2091 2846 in
2136 2792 2369 2867 patriam
2410 2802 2465 2849 et

185 2901 452 2966 parentes,
512 2902 607 2949 aut
649 2893 858 2948 frustra
910 2892 1120 2947 niteris,
1196 2892 1278 2948 Ab
1320 2891 1448 2955 illo,
1505 2899 1569 2948 ut
1623 2893 1760 2951 nihil
1812 2893 2054 2968 inpediat
2100 2901 2272 2968 utque
2327 2913 2464 2970 quae

186 2995 482 3067 peccaveris
513 2994 630 3070 ipse
661 2995 934 3068 configas,
979 3003 1158 3050 tamen
1197 2993 1367 3050 multa
1407 2994 1786 3062 dehortantur,
1830 2996 2152 3069 praesertim
2196 3014 2320 3053 cum
2352 3014 2462 3071 quo

184 3097 386 3153 abitura
431 3097 544 3158 sint
585 3115 726 3171 quae
771 3097 1026 3153 instituas
1071 3097 1311 3162 nescias;
1367 3096 1619 3161 alterum,
1666 3098 1872 3154 frustra
1914 3097 2017 3152 niti
2068 3106 2124 3153 et
2169 3098 2304 3153 nihil
2348 3098 2464 3154 effi·

183 3216 296 3254 cere
341 3199 448 3255 nisi
503 3206 564 3255 ut
621 3199 678 3255 in
733 3199 853 3255 odia
895 3199 1177 3254 hominum
1229 3199 1506 3262 incurras,
1562 3200 1861 3256 dementiae
1906 3217 2025 3255 esse
2068 3199 2279 3263 iudico:
2338 3217 2461 3256 nam

185 3302 443 3357 neminem
476 3302 639 3358 credo
669 3302 806 3364 sore,
850 3301 944 3376 qui
977 3309 1040 3357 ut
1066 3301 1270 3376 aliquid
1306 3302 1423 3375 ipse
1466 3303 1647 3376 possit
1671 3302 1857 3377 paucis
1887 3301 2209 3376 potentibus
2240 3302 2463 3359 liberta-

186 3409 284 3458 tem
308 3421 462 3460 suam
487 3421 548 3460 ac
574 3403 896 3478 dignitatem
924 3404 1152 3460 vendere
1178 3404 1311 3460 velit
1335 3395 1397 3476 ¹).
1454 3405 1565 3462 Iam
1602 3423 1725 3462 cum
1756 3405 1916 3461 verba
1947 3422 2083 3460 nam
2112 3407 2170 3461 vi
2189 3435 2266 3446 —
2293 3406 2463 3461 liber-

183 3511 343 3560 tatem
371 3523 540 3564 suam
561 3507 893 3578 qratificari
914 3505 1050 3560 nihil
1076 3505 1224 3562 aliud
1250 3506 1559 3579 significent
1587 3507 1692 3563 nisi
1714 3506 2066 3580 magistratus
2092 3507 2188 3564 illo
2216 3515 2462 3583 tempore

183 3609 290 3677 geri
335 3625 444 3664 non
489 3625 655 3683 posse
701 3616 764 3664 ut
805 3606 1010 3681 aliquid
1054 3607 1185 3663 boni
1238 3615 1294 3663 et
1337 3608 1474 3665 utile
1531 3617 1587 3664 te
1628 3609 1946 3666 effecturum
1994 3627 2215 3685 sperare
2258 3611 2457 3686 possis,

182 3711 512 3773 sententiam,
553 3710 620 3766 ad
664 3726 826 3785 quam
863 3708 1256 3766 inlustrandam
1301 3718 1356 3766 et
1396 3711 1819 3769 confirmandam
1860 3729 1924 3769 ea
1968 3714 2296 3787 pertineant,
2343 3712 2463 3769 nul-

183 3808 276 3866 lam
317 3811 477 3868 aliam
521 3829 644 3868 esse
686 3829 850 3885 posse
893 3810 1117 3886 adparet
1161 3811 1266 3867 nisi
1301 3811 1468 3870 hanc:
1514 3816 1610 3888 qui
1659 3814 1715 3870 iu
1754 3816 2081 3888 magistratu
2126 3815 2216 3877 sit,
2258 3814 2307 3870 ei
2339 3813 2461 3870 nul-

181 3909 276 3968 lam
314 3914 524 3988 copiam
577 3929 699 3970 esse
743 3912 972 3969 honoris
1029 3915 1073 3968 i..
1109 3931 1154 3970 e.
1217 3913 1425 3986 gloriae
1484 3917 1882 3990 adipiscundae.
1964 3917 2058 3974 His
2116 3917 2289 3990 igitur
2332 3915 2461 3989 quid

181 4012 442 4071 efficitur?
523 4015 726 4090 Nempe
769 4018 879 4072 tuti
919 4017 1198 4072 notionem
1229 4015 1295 4071 ab
1337 4034 1403 4072 eo
1433 4017 1575 4081 loco,
1620 4018 1686 4074 de
1718 4036 1829 4092 quo
1865 4005 2192 4092 quaerimus,
2230 4017 2461 4073 alienam

180 4129 317 4180 esse;
376 4115 428 4173 id
475 4118 624 4193 quod
671 4117 834 4174 etiam
890 4116 1010 4174 aliis
1064 4119 1398 4191 argumentis
1452 4119 1822 4176 confirmatur.
1898 4119 2029 4175 Nam
2072 4137 2195 4176 cum
2236 4119 2303 4174 de
2352 4119 2459 4174 vita

258 4245 315 4311 1)
353 4247 468 4298 Cfr.
506 4211 681 4298 libell.
723 4265 902 4300 meum
939 4266 1034 4315 quo
1072 4257 1298 4316 tempore
1337 4268 1535 4318 quoque
1580 4255 1789 4302 consilio
1834 4250 1962 4302 Sall.
2014 4252 2278 4302 Catilinam
2324 4251 2455 4301 scri-

175 4333 330 4392 psssse
363 4335 597 4384 videatur
633 4351 684 4399 p.
724 4335 773 4384 5.

1914 4421 2005 4483 8*
