3042 4917
572 284 654 345 42
1259 300 1868 346 conunn‘rnrxouuu
1906 304 2047 347 GAP.
2080 306 2178 349 111.

568 457 850 533 plorandis
903 456 1074 514 fuisse
1120 473 1440 515 concessum
1488 456 1684 520 fuerit,
1740 426 1903 515 etiam
1956 457 2139 522 illum,
2200 461 2267 516 de
2316 478 2423 534 quo
2468 460 2521 515 h.
2568 460 2603 516 l.
2648 463 2851 536 agitur,

570 577 812 616 errorem
857 559 908 617 ei
953 557 1409 621 condonabimus,
1466 560 1629 616 modo
1673 559 1853 635 aliqua
1894 561 2107 617 ratione
2164 579 2288 619 eum
2342 580 2454 619 non
2514 570 2717 620 temere
2768 573 2854 621 set

569 668 725 720 certo
771 662 1004 736 quodam
1051 660 1284 719 consilio
1339 661 1518 735 egisse
1578 662 1913 719 ostendatur.
2000 661 2137 730 Quid
2196 665 2411 720 autem?
2495 665 2685 721 Nonne
2737 666 2853 739 pri·

567 781 715 821 mum
759 780 868 819 uno
917 771 1106 821 tenore
1162 770 1262 826 26,
1313 771 1338 822 1
1399 780 1573 837 usque
1632 763 1698 820 ad
1744 771 1841 827 28,
1890 771 1925 825 3
1978 766 2061 820 ita
2096 766 2180 821 illi
2232 767 2302 822 ab
2350 768 2529 822 ianua
2574 767 2858 839 prohibiti

568 871 788 923 tantum
823 863 1062 937 facinus
1087 863 1324 937 frustra
1365 869 1763 936 susceperant,
1806 874 2144 929 enarrantur,
2188 884 2324 941 quae
2368 867 2595 924 Catilina
2640 868 2758 944 ipse
2795 868 2853 923 in

567 967 704 1025 urbe
752 966 1011 1031 instituit,
1056 967 1289 1041 paravit,
1337 966 1488 1023 fecit?
1573 966 1707 1022 Tum
1750 968 1989 1043 scriptor
2032 969 2435 1045 transgreditur
2476 970 2541 1025 ad
2584 987 2662 1032 ea,
2710 988 2853 1043 quae

567 1068 796 1127 Manlius
832 1070 1040 1126 interea
1081 1065 1247 1141 (quod
1289 1066 1605 1126 vocabulum
1640 1072 1993 1142 premendum
2030 1088 2151 1129 esse
2195 1088 2354 1128 nemo
2397 1087 2509 1128 non
2553 1070 2852 1145 intellegit)

569 1170 624 1227 in
665 1169 881 1229 Etruria
921 1171 1074 1233 fecit.
1123 1187 1368 1245 quaeque
1405 1169 1475 1227 ob
1515 1186 1579 1225 ea
1620 1177 1841 1227 senatus
1882 1173 2146 1237 decrevit;
2190 1180 2473 1247 postremo
2510 1180 2597 1236 31,
2638 1179 2673 1231 4
2712 1172 2852 1229 satis

565 1272 848 1347 eleganter
887 1280 1050 1346 atque
1094 1271 1385 1329 artificiose
1434 1270 1668 1327 transitu
1714 1272 1817 1328 sibi
1860 1282 2053 1348 parato
2098 1292 2290 1331 rursus
2328 1274 2394 1331 ad
2436 1273 2717 1329 Catilinam
2762 1291 2853 1329 re-

566 1374 832 1438 vortitur,
876 1381 1039 1450 atque
1082 1374 1279 1449 quibus
1326 1373 1489 1430 rebus
1533 1383 1815 1447 permotus
1858 1376 1930 1431 sit
1967 1384 2030 1432 ut
2072 1377 2141 1432 ad
2184 1374 2436 1432 Manlium
2476 1375 2853 1451 proficiscere-

569 1464 660 1532 tur
699 1484 933 1533 enarrat.
1015 1478 1074 1533 ln
1118 1476 1314 1551 quibus
1351 1492 1535 1532 nonne
1577 1476 1867 1550 dispositio
1902 1478 2161 1551 quaedam
2205 1495 2265 1535 ac
2302 1478 2608 1541 consilium,
2650 1494 2716 1533 eo
2752 1477 2853 1551 qui

566 1578 849 1634 rhetorum
895 1577 1096 1635 scholis
1141 1577 1427 1635 institutus
1473 1577 1639 1633 inerit
1681 1595 1792 1635 non
1836 1578 2133 1653 indignum,
2178 1578 2637 1655 deprehenditur?

737 1680 804 1737 Ut
843 1679 948 1735 iam
981 1698 1142 1753 quam
1173 1679 1509 1752 argumentis
1545 1680 1796 1736 omnibus
1826 1681 2234 1756 circumspectis
2274 1680 2690 1753 rationibusque
2718 1680 2851 1736 sub-

566 1781 746 1838 ductis
799 1798 1060 1837 summam
1109 1780 1328 1838 fecerim
1371 1782 1768 1855 cogitationum
1812 1782 2049 1839 omnium
2094 1801 2351 1847 mearum,
2402 1782 2638 1839 breviter
2682 1798 2853 1857 expo·

563 1899 704 1948 nam,
751 1901 874 1941 cum
918 1884 1220 1941 sententiae
1275 1882 1340 1939 ab
1382 1883 1619 1941 Linkero
1678 1893 1733 1941 et
1778 1885 1990 1942 Ottema
2030 1886 2205 1942 dictae
2244 1883 2312 1940 ab
2358 1884 2514 1939 libris
2556 1900 2667 1939 non
2709 1883 2852 1939 nihil

567 1984 787 2042 obstare
829 1986 1131 2047 videretur,
1178 2002 1356 2058 neque
1401 1985 1609 2042 nullum
1654 2003 1719 2042 ex
1756 1986 1877 2043 aliis
1920 1986 2280 2061 scriptoribus
2337 1994 2716 2058 argumentum
2755 1986 2854 2041 ad-

562 2085 731 2143 latum
774 2094 949 2149 esset,
1009 2104 1117 2160 quo
1162 2086 1384 2143 Sallusti
1426 2086 1670 2143 libellum
1722 2088 2023 2161 antiquitus
2066 2106 2133 2145 eo
2175 2086 2307 2143 vitio
2348 2086 2686 2160 inquinatum
2734 2104 2853 2143 non

563 2188 732 2245 fuisse
767 2189 1122 2252 evinceretur,
1148 2196 1428 2263 postremo
1458 2188 1765 2253 consilium,
1802 2207 1911 2263 quo
1941 2208 2031 2245 res
2062 2189 2384 2250 ordinasset,
2423 2206 2534 2244 non
2562 2187 2849 2261 indignum

463 2296 479 2316 ‘
561 2306 682 2347 esse
728 2289 1024 2365 scriptore,
1072 2290 1166 2364 qui
1209 2298 1400 2347 ornate
1451 2307 1611 2363 quam
1648 2291 1884 2347 tenuiter
1925 2289 2198 2347 annalium
2244 2290 2298 2345 in
2343 2290 2561 2345 modum
2605 2289 2849 2346 scribere

471 2386 498 2431 ’ν
559 2389 762 2453 mallet,
807 2391 1119 2466 adpareret,
1181 2378 1448 2449 librorum
1489 2391 1647 2449 fidem
1694 2392 1879 2466 potius
1920 2393 2281 2466 sequendam,
2347 2408 2504 2465 quam
2553 2391 2850 2464 quidquam

561 2492 864 2549 novandum
905 2510 1026 2549 esse
1055 2494 1259 2549 censui.

731 2592 908 2649 Alium
942 2593 1123 2651 locum
1159 2590 1270 2651 Cat.
1312 2602 1374 2653 51
1395 2637 1408 2657 ‚
1453 2600 1522 2655 39
1566 2594 1996 2669 transpositione
2040 2594 2427 2650 emendandum
2470 2611 2591 2649 esse
2630 2593 2850 2649 censuit

560 2694 840 2750 Doderlein
881 2693 1076 2751 Philol.
1117 2694 1186 2751 IX
1227 2714 1279 2769 p.
1322 2700 1424 2755 579
1462 2713 1543 2768 sq.
1619 2697 1749 2751 Cum
1793 2695 1935 2751 enim
1987 2713 2090 2767 ego
2129 2695 2235 2750 iam
2278 2702 2436 2751 antea
2477 2695 2851 2750 demonstras-

563 2813 694 2857 sem,
745 2795 961 2867 quantis
1004 2795 1437 2852 dubitationibus
1482 2780 1773 2853 obnoxium
1815 2802 1987 2857 esset,
2051 2797 2197 2869 quod
2252 2802 2442 2852 orator
2492 2795 2602 2851 sive
2647 2796 2849 2851 Caesar

561 2897 674 2953 sive
727 2895 1016 2953 Sallustius
1075 2914 1281 2953 morem
1341 2897 1655 2953 verberibus
1716 2898 1771 2953 in
1826 2897 1957 2953 civis
2002 2896 2469 2954 animadvortundi
2513 2896 2579 2953 ab
2626 2896 2848 2971 Gmecis

561 3007 838 3073 acceptum
878 3016 1000 3055 esse
1042 2998 1265 3062 diceret,
1309 3016 1537 3072 cumque
1570 2998 1731 3055 simul
1768 2998 2159 3055 sententiarum
2195 3016 2471 3056 connexus
2514 2998 2715 3054 rationi
2761 3015 2846 3053 re-

559 3118 803 3176 pugnare
847 3100 897 3157 ei
941 3100 1244 3161 videretur,
1304 3100 1378 3155 ita
1421 3100 1567 3156 hunc
1609 3097 1789 3157 locum
1836 3098 2184 3156 scribundum
2226 3117 2349 3156 esse
2387 3099 2692 3174 praecepit:
2750 3098 2849 3154 Set

556 3204 752 3259 eodem
775 3203 868 3258 illo
901 3208 1154 3273 tempore
1193 3202 1527 3258 verberibus
1556 3201 2088 3277 animadvortebant
2116 3203 2175 3256 in
2206 3203 2361 3269 civia,
2399 3202 2469 3256 de
2498 3202 2845 3257 condemna-

557 3306 630 3361 tis
680 3319 960 3358 summum
1015 3304 1354 3374 subplicium
1404 3303 1719 3358 sumebant.
1798 3302 2111 3373 Postquam
2170 3318 2266 3357 res
2320 3302 2550 3373 publica
2601 3302 2850 3359 adolevit

558 3412 613 3461 et
644 3405 999 3477 multitudine
1047 3405 1253 3459 civium
1293 3401 1583 3475 factiones
1618 3404 1868 3470 valuere,
1912 3404 2317 3459 circumveniri
2343 3406 2689 3471 innocente&
2726 3404 2847 3458 alia

558 3505 794 3561 huiusce
831 3506 981 3561 modi
1017 3506 1153 3575 fieri
1192 3519 1452 3575 coepere,
1506 3509 1623 3561 tum
1666 3505 2027 3561 Graeciae
2068 3520 2328 3561 morem
2383 3505 2686 3573 imitati,
2742 3506 2845 3561 lex

555 3608 770 3663 Porcia
810 3607 1070 3679 aliaeque
1113 3608 1265 3679 loyes
1302 3613 1557 3678 paratae
1595 3612 1745 3675 sant,
1796 3603 2003 3678 quibus
2031 3607 2247 3679 leyibus
2277 3608 2516 3662 exilium
2546 3607 2845 3662 damnatis

549 3710 900 3781 permissum
944 3715 1044 3765 est.
1140 3706 1253 3775 Qua
1298 3710 1513 3765 ratione
1548 3716 1699 3766 certe
1742 3726 1949 3765 summa
1988 3726 2049 3765 ac
2084 3708 2417 3782 gravissuma
2453 3708 2726 3764 dubitatio
2758 3726 2844 3765 re-

558 3818 834 3873 movetur,
884 3828 1005 3867 cum
1041 3810 1221 3884 aliqua
1264 3803 1384 3867 cum
1424 3812 1537 3868 veri
1569 3812 1749 3886 specie
1788 3810 1913 3867 exili
1952 3810 2307 3885 permittundi
2340 3827 2546 3866 morem
2582 3809 2649 3865 ab
2676 3811 2845 3866 Athe-

555 3912 838 3970 niensibus
883 3920 1158 3986 sumptum
1203 3930 1324 3969 esse
1367 3914 1621 3969 contendi
1665 3913 1913 3987 potuisse
1963 3912 2043 3967 vir
2082 3907 2324 3969 summus
2369 3910 2671 3969 ostenderit
2714 3910 2844 3968 coll.

553 4015 826 4073 Demosth.
875 4014 1136 4071 Aristocr.
1175 4020 1243 4074 69
1298 4033 1352 4089 p.
1401 4020 1505 4076 643
1562 4015 1678 4070 init.
1784 4013 1879 4069 Set
1926 4022 2102 4071 tamen
2139 4031 2262 4070 cum
2318 4012 2409 4069 ille
2448 4030 2567 4069 mos
2611 4013 2844 4069 Athenis

555 4117 847 4191 singularis
893 4116 1060 4173 fuerit
1103 4133 1280 4191 neque
1323 4117 1377 4172 in
1426 4117 1675 4173 omnibus
1721 4116 1932 4173 iudiciis
1968 4114 2291 4190 capitalibus
2331 4114 2575 4177 valuerit,
2611 4133 2845 4189 cumque

556 4219 702 4275 illam
727 4219 1081 4275 mutationem
1116 4217 1298 4292 legum
1337 4237 1459 4275 cum
1491 4217 1727 4280 relicuis,
1772 4235 1907 4292 quae
1953 4219 2009 4273 in
2053 4218 2171 4273 iure
2202 4218 2401 4274 Romae
2443 4215 2635 4291 populi
2676 4215 2844 4273 liber-

559 4328 669 4377 tate
715 4319 1059 4377 adolescente
1116 4328 1310 4377 novata
1365 4321 1501 4382 sint,
1566 4336 1871 4392 congruere
1924 4338 1986 4377 ac
2038 4320 2328 4377 convenire
2386 4318 2846 4376 demonstraverit
