3042 4917
493 226 577 289 56
1170 249 1776 294 connum-Anonuu
1821 252 1964 294 cAr.
2011 252 2098 297 ιν.

497 418 710 461 omnem
755 400 975 461 Sallusti
1017 403 1195 461 verbis
1240 404 1398 463 fidem
1430 404 1698 481 abrogare
1737 406 1989 471 volueriS,
2037 426 2236 483 negare
2267 426 2378 465 non
2424 409 2635 483 poteris
2679 409 2779 465 Ca·-

474 504 703 562 ‘tilinam
750 512 862 561 tum
905 505 1117 563 demum
1162 506 1503 564 consulatum
1558 516 1746 583 petere
1792 509 2052 573 voluisse,
2109 529 2233 567 cum
2275 512 2332 567 P.
2378 512 2680 567 Autronius
2721 519 2783 567 et

495 608 553 663 P.
601 605 749 664 Sulla
788 606 1001 681 legibus
1048 608 1283 665 ambitus
1317 610 1642 684 interrogati
1699 628 1902 685 poenas
1959 612 2236 671 dedissent
2297 620 2353 669 et
2393 613 2614 669 comitia
2649 630 2783 670 con-

497 709 709 767 sulibus
748 710 1107 783 subrogandis
1154 710 1397 767 habenda
1438 721 1638 768 essent.
1715 714 1781 769 Ut
1827 714 1929 769 iam
1961 716 2025 772 ad
2063 714 2285 772 Sallusti
2315 714 2494 772 locum
2532 732 2619 772 me
2649 733 2784 771 con-

498 821 721 876 vortam,
764 812 905 869 inter
946 829 1067 885 eum
1110 820 1167 868 et
1208 813 1499 870 Asconium
1544 815 1610 871 de
1653 832 1716 871 ea
1761 833 1818 871 re
1860 816 2008 873 nulla
2033 818 2324 874 divor-sitas
2365 825 2464 879 est,
2497 817 2784 873 Catilinam

498 933 599 989 per
626 913 967 971 nobilitatem
994 914 1330 988 prohibitum
1354 932 1475 972 esse
1506 916 1574 972 ab
1603 916 1919 973 consulatus
1955 919 2220 993 petitione
2239 906 2260 983 ς’
2285 934 2408 975 nam
2440 918 2493 974 in
2516 920 2785 991 prohibi-

500 1023 593 1072 tus
633 1022 763 1071 erat
802 1016 1161 1073 consulatum
1191 1023 1394 1087 petere
1436 1017 1572 1073 nihil
1621 1019 1766 1075 aliud
1813 1020 1954 1075 inest
1997 1020 2102 1076 nisi
2145 1026 2440 1080 conmotus
2479 1028 2608 1077 erat
2651 1028 2716 1077 ut
2745 1039 2785 1076 a

493 1120 767 1189 petitione
796 1120 1179 1174 desistendum
1202 1126 1460 1191 putaret,
1504 1120 1572 1177 de
1602 1138 1707 1195 qua
1733 1138 1792 1177 re
1818 1107 2092 1196 eominus
2128 1121 2366 1179 dubitari
2395 1128 2598 1197 potest,
2636 1124 2782 1196 quod

502 1238 619 1277 eam
642 1237 887 1277 caussam
912 1220 1122 1283 referri,
1150 1238 1255 1294 qua
1278 1220 1503 1278 Catilina
1526 1223 1592 1279 ad
1614 1224 2004 1279 coniurandum
2028 1242 2150 1281 cum
2173 1225 2230 1281 P.
2257 1222 2404 1279 Sulla
2429 1233 2485 1279 et
2505 1226 2562 1280 P.
2583 1226 2787 1281 Autro-

501 1322 593 1378 nio
613 1320 863 1396 inpulsus
888 1322 1077 1385 suerit,
1102 1323 1524 1396 apertissumum
1549 1332 1650 1381 est.
1699 1324 1755 1380 Id
1778 1325 1853 1381 ita
1881 1324 2080 1381 sactum
2107 1342 2243 1389 esse,
2277 1343 2398 1382 cum
2423 1326 2480 1380 L.
2506 1324 2787 1382 Volcatius

504 1423 693 1481 Tullus
725 1442 803 1487 se,
844 1426 891 1480 si
930 1432 1145 1499 peteret
1185 1432 1347 1498 atque
1386 1425 1519 1482 adeo
1562 1435 1855 1489 crearetur,
1896 1443 2092 1483 nomen
2131 1428 2248 1483 eius
2291 1444 2401 1484 non
2447 1428 2788 1484 renuntiatu-

503 1544 623 1581 rum
670 1543 789 1583 esse
833 1544 897 1582 ex
939 1525 1136 1583 consili
1180 1527 1447 1583 sententia
1488 1527 1818 1585 declarasset
1848 1520 1909 1601 1),
1952 1525 2173 1586 Sallusti
2201 1528 2381 1585 verbis
2425 1529 2576 1586 nullo
2621 1531 2788 1587 modo

505 1627 745 1697 reicitur,
776 1635 861 1683 set
894 1644 1045 1700 quae⁴
1063 1628 1267 1685 adiecta
1302 1637 1443 1692 sunt,
1470 1633 1856 1701 pecuniarum
1895 1628 2350 1703 repetunddnum
2381 1647 2518 1699 reus
2549 1640 2607 1687 et
2635 1634 2794 1704 quod

503 1731 663 1785 intra
707 1731 1001 1801 leyilumos
1042 1732 1163 1787 dies
1211 1733 1485 1803 profiteri
1522 1735 1860 1804 nequiverat
1907 1764 1980 1773 —
2029 1750 2226 1807 ponam
2281 1732 2424 1788 enim
2471 1731 2790 1789 Sallustium

506 1830 581 1887 ita
625 1832 909 1907 scripsisse
956 1862 1050 1895 ·--,
1092 1850 1311 1889 caussas
1356 1834 1672 1901 contineant
1707 1852 1928 1891 necesse
1966 1843 2066 1898 est,
2114 1834 2312 1908 quibus
2356 1834 2620 1891 adductus
2659 1852 2792 1892 con-

506 1925 592 1989 sul
636 1932 755 1990 iure
796 1933 1254 1992 renuntiationem
1299 1952 1550 1992 recusare
1597 1935 1700 1992 sihi
1744 1934 1892 1991 visus
1933 1936 2022 1991 sit.
2113 1937 2286 2010 lgitur
2327 1954 2572 1992 caussam
2617 1936 2792 1993 fuisse

505 2036 709 2107 crimen
746 2037 1167 2110 repetundarum
1208 2045 1427 2110 praeter
1463 2036 1780 2093 Sallustium
1823 2054 1925 2112 per
1958 2039 2248 2095 Asconium
2289 2036 2644 2094 confirmatur
2671 2055 2791 2094 ver-

487 2137 589 2193 his
634 2156 768 2193 nam
814 2140 1203 2210 quaerebatur
1244 2142 1717 2209 repetundarum.
1822 2140 1892 2194 Ut
1943 2148 2122 2196 autem
2166 2138 2402 2195 nominis
2455 2138 2660 2194 delatio
2711 2139 2790 2195 in·

504 2240 871 2313 pedimentum
906 2240 1227 2314 legittimum
1259 2257 1368 2295 non
1395 2241 1588 2317 luerit,
1629 2258 1736 2314 quo
1775 2241 1898 2315 quis
1923 2259 1954 2296 a
1987 2241 2252 2315 petitione
2275 2247 2570 2301 arceretur,
2611 2249 2791 2297 tamen

504 2350 651 2397 certe
681 2342 874 2398 idonea
914 2360 1105 2399 caussa
1148 2342 1267 2406 fuit,
1312 2359 1411 2397 cur
1438 2341 1630 2397 consul
1663 2342 1943 2399 Catilinam
1983 2343 2086 2399 sibi
2115 2344 2395 2416 indignum
2431 2342 2601 2398 videri
2631 2360 2790 2415 quem

507 2444 847 2499 renuntiaret
886 2442 1187 2499 declararet
1241 2443 1562 2515 praesertim
1607 2462 1727 2499 cum
1775 2444 1867 2499 ille
1912 2444 2166 2517 gravibus
2209 2443 2446 2502 decretis
2489 2444 2543 2499 in
2599 2452 2792 2499 senatu

508 2553 729 2601 notatus
772 2544 856 2601 vel
901 2544 1102 2601 multae
1146 2562 1335 2616 graves
1380 2544 1434 2599 in
1473 2562 1596 2600 eum
1641 2545 1938 2601 sententiae
1981 2546 2156 2603 dictae
2193 2552 2404 2607 essent,
2448 2552 2614 2618 atque
2658 2546 2792 2601 adeo

509 2646 797 2720 adpareret
834 2664 956 2702 eum
995 2644 1278 2718 petitione,
1323 2644 1369 2699 si
1407 2655 1706 2710 crearetur,
1739 2647 1996 2703 iudicium
2031 2647 2272 2720 effugere
2312 2646 2450 2702 velle
2493 2678 2566 2687 —
2607 2664 2794 2721 quem-

510 2748 795 2804 admodum
836 2749 894 2805 P.
926 2746 1170 2803 Clodium
1214 2753 1429 2802 constat
1463 2764 1509 2802 a.
1543 2753 1626 2809 57.
1666 2765 1787 2804 cum
1823 2748 1873 2803 ei
1917 2748 2059 2805 actio
2094 2749 2162 2804 de
2205 2748 2256 2804 vi
2297 2747 2364 2804 ab
2402 2749 2459 2803 Τ.
2495 2750 2669 2805 Annio
2700 2749 2794 2804 Mi-

508 2850 635 2907 lone
676 2850 1067 2911 intenderetur,
1114 2847 1442 2905 aedilitatem
1485 2849 1711 2923 petiisse
1755 2848 1954 2921 (Drum.
1985 2849 2029 2904 II
2071 2868 2124 2923 p.
2159 2848 2282 2923 318)
2317 2842 2380 2921 2).
2459 2848 2596 2906 Illud
2627 2868 2792 2906 unum
2885 2898 2892 2905 .

511 2951 699 3025 quaeri
730 2958 929 3026 potest,
962 2969 1089 3007 num
1125 2959 1272 3007 recte
1313 2948 1604 3007 Sallustius
1637 2969 1758 3007 eum
1787 2952 2210 3025 repetundarum
2239 2968 2390 3007 reum
2429 2951 2645 3013 dixerit,
2673 2968 2796 3008 cum

508 3054 709 3110 Asconi
766 3054 931 3110 verba
982 3053 1219 3109 indicare
1258 3051 1568 3115 videantur,
1626 3062 1903 3127 speratum
1955 3070 2075 3109 esse
2132 3053 2252 3109 fore
2307 3060 2370 3107 ut
2421 3052 2538 3109 eius
2597 3070 2795 3110 nomen

508 3156 843 3220 deferretur;
898 3165 983 3212 set
1036 3155 1141 3211 iam
1194 3172 1359 3229 supra
1418 3154 1780 3217 ostendimus,
1842 3172 2002 3228 quam
2048 3172 2148 3228 per
2203 3172 2262 3211 se
2316 3172 2425 3209 non
2479 3154 2797 3211 incredibile

510 3266 671 3321 esset,
716 3258 899 3313 statim
934 3266 1063 3331 post
1108 3257 1341 3313 reditum
1378 3256 1494 3312 eius
1537 3274 1733 3313 nomen
1775 3256 2011 3313 delatum
2049 3265 2212 3330 atque
2245 3256 2389 3311 adeo.
2421 3256 2488 3311 ab
2523 3264 2796 3331 praetore,

581 3438 631 3503 1)
666 3441 751 3489 De
788 3439 874 3488 his
910 3439 1073 3489 rebus
1110 3439 1209 3489 cfr.
1250 3437 1520 3489 Gruchius
1559 3438 1626 3488 de
1679 3440 1997 3508 nonlipsum
2033 3439 2298 3489 iudicium
2332 3439 2603 3503 petitione
2631 3438 2800 3503 effugi

513 3524 752 3574 comitiis
798 3523 1028 3573 Roman.
1067 3524 1263 3573 Venet.
1306 3522 1437 3573 1559
1474 3542 1524 3589 p.
1561 3522 1628 3573 60
1678 3524 1952 3588 potuisse,
2014 3524 2070 3571 id
2118 3524 2260 3588 quod
2307 3523 2442 3572 mihi
2488 3523 2800 3573 confirmari

512 3625 591 3674 sq.
623 3610 841 3658 Becker
870 3608 994 3657 Ant.
1016 3608 1170 3658 Rom.
1198 3608 1256 3657 11
1280 3609 1311 3656 2
1334 3626 1387 3674 p.
1416 3608 1481 3659 33
1507 3624 1624 3673 sqq.
1677 3606 1914 3671 videtur,
1957 3610 2086 3673 quia
2122 3608 2180 3657 in
2215 3610 2276 3657 P.
2319 3606 2480 3658 Clodi
2517 3624 2718 3658 caussa
2742 3608 2799 3657 id

578 3693 633 3758 2)
657 3694 1012 3758 ‚Quamquam
1031 3693 1237 3744 nullum
1255 3694 1628 3743 testimonium
1679 3693 2036 3757 potissumum
2074 3698 2254 3743 actum
2293 3698 2392 3756 est,
2432 3697 2494 3742 ut
2531 3698 2662 3743 ante
2710 3710 2798 3743 co-

512 3779 730 3829 adferre
754 3794 992 3843 possum,
1030 3784 1235 3842 tamen,
1275 3780 1368 3845 qui
1392 3793 1517 3828 reus
1545 3778 1625 3827 fa·
1680 3778 1838 3827 mitia
1883 3778 2098 3828 sortitio
2144 3778 2385 3827 iudicum
2440 3776 2599 3827 fieret
2643 3776 2798 3841 (Cic.

512 3870 633 3915 ctus
654 3864 921 3914 esset-tali
942 3864 1189 3927 crimine,
1216 3869 1277 3913 ut
1297 3863 1626 3913 condemna-
1682 3862 1754 3912 ad
1799 3864 1864 3925 Q.
1906 3864 1972 3913 fr.
2017 3864 2074 3913 ΙΙ
2123 3862 2179 3925 1,
2226 3863 2285 3925 23
2344 3862 2455 3913 vid.
2503 3864 2694 3912 Drum.
2743 3863 2800 3912 ΙΙ

510 3949 718 3999 tionem
754 3949 990 3999 infamia
1026 3954 1191 4013 atque
1237 3948 1459 3997 exilium
1498 3962 1626 3997 con·
1681 3964 1733 4012 p.
1783 3942 1969 3998 320·n.
2009 3945 2102 4011 6),
2151 3948 2190 3997 i.
2232 3963 2279 3996 e.
2330 3947 2594 3997 iudicium
2641 3947 2799 3999 insti-

512 4034 668 4099 scqui
692 4040 932 4099 possent,
962 4049 1177 4098 semper
1204 4033 1273 4082 ab
1300 4033 1629 4097 magistratu
1681 4036 1928 4081 tueretur
1949 4032 2077 4096 (non
2097 4032 2276 4097 ipsum
2299 4031 2637 4096 haberetur),
2667 4048 2798 4097 ergo

513 4120 606 4184 qui
650 4120 887 4170 comitiis
932 4114 1219 4185 praeesset
1286 4117 1629 4167 reiciundum
1681 4132 1751 4166 ne
1771 4122 1959 4181 petere
1987 4118 2040 4167 ei
2063 4117 2278 4181 liceret,
2305 4117 2367 4166 P.
2397 4114 2626 4167 Clodius
2651 4118 2798 4167 inter

512 4204 681 4255 fuisse
718 4221 815 4270 pro
854 4209 1007 4254 certo
1041 4202 1223 4252 habeo
1258 4200 1475 4267 (Lange
1498 4201 1625 4251 Ant.
1681 4216 1804 4251 reos
1839 4202 2153 4251 referretur.

510 4288 664 4339 Rom.
689 4290 719 4338 Ι
754 4306 807 4355 p.
828 4287 971 4353 516),
1008 4287 1245 4337 nominis
1271 4286 1626 4349 delationem,
