3042 4917
500 329 620 390 124
1193 346 1803 392 conun'ravmonuu
1850 348 1992 391 car.
2040 348 2102 393 v.

495 511 579 566 10,
619 511 668 564 3.
711 508 760 564 6.
805 511 886 566 11,
935 511 980 562 1.
1026 506 1107 566 17,
1152 512 1200 564 1.
1249 509 1333 566 24,
1380 510 1428 562 1.
1473 511 1522 564 3.
1563 509 1647 567 45,
1691 509 1741 562 4.
1783 506 1869 568 47,
1918 510 1964 562 1.
2010 509 2095 568 48,
2139 512 2185 564 1.
2230 512 2315 568 51,
2354 512 2439 568 29.
2482 505 2597 580 lug.
2629 511 2715 568 25,
2744 509 2779 565 6

493 597 686 678 (MM2T
720 603 992 680 primum)
1035 611 1120 668 42,
1169 613 1216 665 l.
1261 611 1347 668 49,
1387 613 1436 664 5.
1483 612 1569 669 53,
1614 615 1663 666 1.
1705 610 1755 666 7.
1814 612 1898 669 60,
1944 610 1996 666 7.
2050 613 2136 670 61,
2181 612 2232 666 4.
2274 614 2357 672 69,
2408 616 2452 668 1.
2503 614 2589 670 71,
2631 614 2682 665 2.
2727 614 2776 667 5.

492 715 578 771 85,
628 715 674 767 l.
716 714 800 772 89.
847 715 897 767 2.
943 713 1028 771 94,
1072 715 1121 768 5.
1169 715 1285 770 111,
1328 713 1378 765 2.
1423 707 1511 764 Fr.
1556 708 1578 763 1
1622 713 1707 768 53.
1752 707 1797 764 ll
1838 717 1887 768 5.
1920 714 2005 768 65.
2049 707 2116 764 111
2157 714 2243 770 27.
2295 709 2364 765 lv
2401 716 2485 772 60,
2532 718 2582 773 5,
2626 711 2778 765 certo

492 811 870 884 cognoscitur,
918 827 980 867 ac
1023 810 1137 884 lug.
1184 816 1281 874 29,
1327 818 1376 873 3,
1424 827 1749 884 quamquam
1783 812 2041 882 primum
2084 810 2243 867 multi
2288 810 2419 868 boni
2461 811 2589 867 libri
2632 809 2780 866 exhi-

491 912 638 976 bent,
684 921 862 968 tamen
907 913 962 967 in
1003 912 1298 987 archetypo
1334 915 1530 984 primo
1571 913 1741 969 fuisse
1784 912 1909 969 inde
1948 912 2196 988 adparet,
2246 914 2393 989 quod
2434 915 2490 969 in
2529 914 2569 969 P
2614 920 2670 968 et
2712 904 2779 967 Ρ1

492 1015 547 1071 id
587 1014 759 1089 prima
804 1030 965 1071 manu
1012 1013 1276 1088 scriptum
1313 1022 1422 1078 est,
1471 1015 1541 1070 ab
1582 1013 1754 1071 altera
1790 1017 2045 1087 primum
2097 1023 2430 1072 conrectum.
2520 1015 2782 1071 Primum

493 1123 674 1172 autem
714 1116 997 1190 significat,
1044 1133 1258 1190 semper
1297 1118 1443 1190 quod
1489 1095 1634 1173 aliud
1670 1116 1972 1192 praecedat,
2016 1134 2119 1191 qua
2154 1095 2358 1174 re⁶aut
2399 1117 2457 1174 in
2499 1132 2781 1174 enumera-

493 1219 644 1276 tione
682 1226 978 1293 usurpatur
1023 1217 1156 1290 (Cat.
1197 1226 1246 1281 3,
1279 1225 1329 1276 2.
1374 1224 1458 1282 37,
1493 1227 1543 1278 5.
1591 1219 1705 1292 lug.
1750 1225 1800 1281 6,
1836 1226 1882 1278 1.
1928 1226 2011 1281 13,
2045 1225 2094 1280 6.
2147 1225 2227 1282 14,
2265 1229 2345 1281 11.
2390 1225 2475 1282 45,
2511 1225 2561 1277 2.
2608 1224 2694 1281 64,
2728 1223 2779 1275 2.

491 1327 577 1384 85,
612 1326 697 1382 45.
744 1327 860 1385 102,
906 1327 956 1382 7.
1001 1320 1088 1376 Fr.
1134 1301 1207 1400 Ill·
1243 1327 1327 1383 59,
1366 1318 1466 1393 14),
1508 1327 1604 1376 aut
1644 1337 1761 1377 eam
1802 1337 1918 1377 rem
1960 1321 2244 1394 significat,
2294 1339 2432 1396 quae
2461 1327 2585 1377 ante
2622 1317 2781 1377 aliam

493 1422 759 1486 inciderit,
804 1422 888 1478 vel
931 1431 1144 1497 tempus
1190 1440 1299 1497 quo
1345 1421 1581 1497 primum
1617 1421 1821 1496 aliquid
1866 1422 2067 1479 factum
2110 1423 2213 1488 sit3
2265 1423 2343 1480 sic
2383 1425 2499 1479 iam
2524 1425 2781 1494 primum

493 1522 604 1579 Cat.
647 1530 698 1588 7,
744 1529 794 1583 4.
854 1532 936 1587 15,
983 1533 1009 1585 l
1057 1523 1200 1597 (libri
1240 1523 1490 1580 nonnulli
1527 1523 1801 1597 pridem).
1855 1524 1935 1580 ibi
1963 1527 2220 1597 primum
2256 1524 2368 1581 Cat.
2415 1533 2495 1588 11,
2538 1531 2587 1586 6.
2644 1531 2782 1580 tunc

485 1628 739 1696 primum
779 1626 892 1700 lug.
939 1633 988 1688 5,
1025 1634 1070 1686 1.
1136 1627 1236 1682 ubi
1264 1629 1522 1698 primum
1562 1625 1673 1681 Cat.
1718 1633 1802 1689 39,
1848 1633 1897 1686 3.
1954 1633 2049 1689 40,
2086 1633 2135 1686 2.
2200 1626 2314 1700 lug.
2361 1633 2410 1689 6,
2457 1635 2502 1686 1.
2559 1632 2645 1688 41,
2695 1634 2779 1685 10.

459 1732 576 1798 ὤ43,
622 1734 672 1785 2.
719 1734 802 1791 62,
841 1734 1018 1792 1.·63,
1059 1732 1108 1786 3.
1147 1734 1198 1786 4.
1243 1734 1326 1793 64,
1373 1736 1422 1789 3.
1481 1745 1611 1785 cum
1651 1729 1907 1802 primum
1951 1726 2065 1802 lug,
2096 1734 2146 1790 7.
2187 1734 2252 1785 ut
2287 1731 2543 1801 primum
2588 1728 2676 1783 Fr.
2716 1727 2783 1782 lv

491 1835 576 1889 28.
636 1846 807 1901 quam
843 1832 1099 1902 primum
1138 1830 1249 1886 Cat·
1293 1837 1378 1894 57,
1411 1839 1459 1890 5.
1506 1829 1621 1903 lug.
1666 1835 1751 1892 25,
1792 1838 1837 1889 1.
1884 1835 1970 1899 97,
2010 1839 2057 1891 l.
2148 1831 2291 1900 Quae
2332 1849 2457 1888 vere
2502 1831 2782 1907 disputata

493 1949 611 1988 esse
653 1933 949 2007 adparebit,
993 1933 1039 1990 si
1080 1932 1168 1989 Fr.
1205 1932 1310 1993 114
1351 1933 1653 1990 Daedalus
1691 1935 1948 2005 primum
1986 1933 2338 2002 Sardiniam,
2373 1940 2511 2006 post
2556 1934 2783 1989 delatus

491 2041 577 2090 est
621 2034 829 2091 Cumas
868 2036 1249 2112 conparaveris
1292 2027 1416 2093 cum
1457 2036 1501 2091 Π
1545 2044 1578 2096 5
1632 2036 1935 2093 Aristaeus
1976 2065 2062 2077 —-·
2107 2036 2335 2092 Cretam
2378 2037 2557 2092 tenuit
2584 2037 2781 2108 primo

489 2167 576 2178 —-
612 2143 817 2211 postea
863 2169 940 2178 —
990 2141 1068 2195 ad
1097 2122 1438 2195 'Sardiniam
1482 2141 1790 2195 transitum
1826 2137 1987 2211 fecit.
2077 2139 2145 2195 Ut
2188 2139 2293 2194 iam
2332 2139 2397 2196 ad
2427 2156 2550 2194 eum
2579 2136 2777 2200 locum,

491 2241 559 2296 de
601 2258 708 2314 quo
743 2240 987 2297 dicturus
1033 2259 1168 2304 sum,
1213 2242 1448 2303 redeam,
1497 2247 1644 2298 recte
1685 2239 1848 2297 scribi
1884 2242 2079 2312 primo
2116 2247 2411 2298 conmotus
2440 2241 2670 2296 insolita
2716 2254 2782 2294 re

490 2341 646 2398 facile
694 2342 945 2415 adparet,
1001 2343 1255 2416 quoniam
1310 2342 1589 2399 conmotio
1660 2343 1821 2399 animi
1890 2350 2083 2417 postea
2153 2343 2494 2400 constantiae
2548 2341 2782 2415 negandi

491 2444 671 2506 cessit,
717 2462 947 2518 prorsus
993 2445 1182 2500 eodem
1227 2444 1388 2500 modo
1424 2462 1534 2518 quo
1577 2444 1690 2519 lug.
1732 2451 1827 2509 25,
1874 2452 1907 2506 6
1944 2445 2207 2519 scriptum
2252 2454 2363 2502 est:
2410 2446 2509 2502 ubi
2559 2446 2785 2514 accepit

489 2575 575 2584 —--
624 2548 812 2617 primo
867 2553 1162 2603 conmotus
1212 2552 1364 2602 metu
1419 2564 1490 2603 ac
1546 2548 1795 2604 lubidine
1849 2549 2115 2604 divorsus
2153 2548 2484 2620 ayitabatur
2527 2527 2615 2586 —4-
2654 2547 2785 2602 vicit

491 2652 682 2703 tamen
711 2678 798 2689 —
822 2665 1070 2719 pravom
1099 2649 1428 2710 consilium,·
1472 2657 1557 2705 set
1590 2667 1702 2705 non
1730 2650 1909 2706 minus
1943 2656 2191 2724 apertum
2223 2656 2324 2713 est,
2354 2649 2567 2705 mirari
2586 2650 2783 2719 primo

491 2752 614 2806 eius
669 2752 965 2807 consilium
1020 2757 1076 2807 et
1119 2754 1290 2824 quasi
1349 2766 1459 2824 per
1509 2753 1817 2808 amicitiam
1877 2767 2107 2808 monere
2161 2769 2355 2828 parum
2407 2756 2556 2808 recte
2596 2749 2780 2813 scribi,

490 2869 612 2908 cum
656 2852 702 2908 is
747 2869 857 2910 non
895 2853 967 2910 sit
1013 2853 1177 2910 animi
1221 2854 1466 2911 adfectus
1509 2852 1602 2927 qui
1644 2853 1735 2909 alii
1774 2854 2017 2917 cesserit,
2065 2861 2149 2910 set
2181 2855 2326 2928 quod
2357 2861 2483 2910 ante
2514 2851 2621 2908 alia
2651 2853 2783 2909 fecit

489 2953 765 3021 Metellus;
824 2956 899 3012 ibi
944 2959 1201 3028 primum
1252 2957 1538 3014 dicendum
1589 2955 1709 3012 fuit.
1809 2956 1917 3012 Iam
1986 2957 2357 3013 vetustissumi
2423 2955 2552 3012 libri
2607 2971 2782 3029 paene

492 3073 678 3113 omnes
735 3058 990 3116 exhibent
1037 3061 1294 3132 primum
1343 3065 1641 3116 conmotus
1693 3060 1924 3115 insolita
1971 3074 2037 3115 re
2090 3056 2301 3116 mirari
2344 3059 2602 3131 primum
2660 3059 2783 3114 eius

488 3162 801 3217 consilium.
889 3162 1025 3218 Num
1072 3163 1243 3238 igitur
1286 3180 1414 3220 casu
1459 3163 1661 3219 sactum
1704 3179 1823 3218 esse
1858 3162 2097 3218 dicemus
2144 3169 2206 3220 ut
2227 3165 2486 3234 primum
2530 3160 2615 3216 his
2650 3160 2783 3217 scri-

488 3262 739 3327 beretur,
797 3282 920 3321 cum
978 3266 1156 3322 omnia
1212 3264 1373 3340 plana
1428 3273 1484 3322 et
1540 3251 1689 3321 recta
1746 3264 1883 3328 sint,
1946 3264 2106 3321 modo
2163 3264 2353 3339 priore
2411 3263 2534 3320 loco
2588 3265 2783 3334 primo

489 3367 840 3423 emendetur?
873 3434 882 3439 -

659 3467 773 3540 lug.
816 3475 910 3532 65,
952 3476 987 3529 3
1029 3487 1150 3525 611111
1195 3471 1254 3524 in
1296 3470 1689 3540 inperatorem
1746 3467 2025 3543 archetypi
2070 3469 2395 3542 scripturam
2440 3466 2611 3523 fuisse
2657 3467 2779 3524 inde

489 3569 762 3643 adpareat,
805 3571 950 3644 quod
989 3571 1045 3626 in
1086 3571 1390 3627 recentiore
1415 3571 1575 3644 primi
1604 3570 1822 3644 generis
1859 3569 2063 3627 familia
2107 3570 2186 3628 sic
2228 3570 2493 3644 scriptum
2532 3576 2634 3632 est,
2682 3588 2781 3626 nec
2881 3567 2903 3622 Γ

486 3672 764 3728 divorsum
806 3673 952 3745 quod
990 3673 1044 3728 in
1083 3672 1126 3728 P
1167 3680 1224 3728 et
1266 3665 1331 3727 Ρ1
1378 3672 1653 3728 111ν611111111
1692 3677 2120 3745 imperatorem,
2169 3673 2371 3747 quippe
2413 3673 2473 3726 in
2518 3670 2779 3727 omissum

488 3791 608 3830 esse
660 3790 818 3829 nemo
875 3773 1221 3836 infitiabitur,
1292 3792 1525 3849 cumque
1581 3776 1633 3832 id
1682 3774 1940 3850 loquendi
1996 3792 2171 3847 genus
2226 3774 2294 3830 ab
2341 3772 2612 3851 latinitate
2668 3790 2779 3829 non

488 3876 724 3935 alienum
769 3894 889 3933 esse
935 3877 1223 3933 ostendant
1259 3876 1366 3933 loci
1410 3896 1440 3934 a
1479 3876 1676 3934 Fabrio
1721 3876 1884 3934 adlati
1926 3875 2037 3932 Liv.
2081 3876 2103 3932 I
2146 3883 2239 3940 23,
2285 3883 2348 3936 4:
2396 3891 2780 3948 maynumque

487 3981 723 4035 deorum
762 3995 971 4036 numen
1017 3981 1086 4036 ab
1129 3981 1254 4052 ipso
1302 3984 1492 4052 capite
1537 3993 1733 4036 orsum
1776 3982 1837 4036 in
1878 3995 2041 4036 omne
2100 3996 2304 4037 nomen
2347 3980 2631 4035 Albanum
2674 3994 2780 4034 ex-

478 4082 800 4152 petiturum
834 4097 1060 4153 poenas
1097 4084 1162 4139 ob
1209 4085 1411 4140 bellum
1446 4085 1681 4155 impium
1722 4090 1778 4138 et
1815 4081 1964 4138 Curt.
2003 4081 2070 4136 IV
2108 4089 2158 4146 6,
2188 4090 2257 4146 29
2300 4082 2575 4138 Achillem
2606 4111 2692 4119 -——
2720 4096 2783 4136 se

487 4185 765 4238 imitatum
827 4199 950 4241 esse
988 4201 1179 4258 poena
1235 4187 1294 4242 in
1337 4187 1553 4242 hostem
1602 4186 1919 4256 capienda,
1979 4201 2079 4241 nec
2132 4185 2274 4241 desit
2327 4199 2519 4242 caussa
2571 4200 2671 4239 cur
2728 4182 2781 4238 id

489 4284 779 4343 Sallustius
824 4287 1001 4345 dicere
1037 4287 1292 4345 maluisse
1331 4304 1491 4362 quam
1538 4288 1608 4344 ab
1646 4289 1981 4358 inperatore
2028 4286 2273 4344 videatur
2322 4317 2395 4328 -—
2442 4285 2644 4342 etenim
2690 4301 2781 4341 eas

486 4385 691 4465 poenas
736 4397 798 4446 ut
833 4397 1049 4466 peteret
1091 4389 1262 4446 suasit
1304 4389 1533 4452 Marius,
1595 4405 1733 4464 quae
1776 4405 1889 4445 non
1929 4387 1996 4446 ah
2046 4388 2167 4463 ipso
2212 4389 2527 4466 inperatore
2566 4386 2781 4444 solven-
