3042 4917
411 294 416 299 ,
468 226 551 289 24
1161 245 1768 291 OONMENTATIONUM
1815 247 1957 289 οΑΡ.
2000 249 2069 289 11.

472 401 576 459 iam
620 401 943 458 inminutum
990 410 1151 459 esset.
1246 402 1312 459 Et
1366 421 1489 459 cum
1529 404 1799 461 exercitus
1843 403 2000 478 prius
2049 402 2314 459 maiorum
2355 401 2637 477 disciplina
2677 401 2751 459 la-

474 504 669 561 borare
722 504 1001 577 cogendus
1052 504 1236 567 suerit,
1282 521 1519 579 pugnam
1561 505 1627 561 ad
1673 504 1884 561 Muthul
1925 504 2146 562 fluvium
2185 503 2290 577 (48
2315 503 2504 578 —54)
2557 511 2614 561 et
2659 504 2753 559 ob-

472 605 862 681 pugnationem
901 606 1089 662 Zamae
1132 605 1397 679 (56—61)
1430 625 1475 663 a.
1514 614 1616 668 108
1649 608 1818 665 factas
1856 625 1975 663 esse
2016 625 2234 663 necesse
2269 614 2354 663 est
2384 605 2502 678 (cfr.
2536 606 2754 663 Momm-

473 726 571 773 sen
612 707 749 764 Hist.
796 707 948 766 Rom.
989 708 1033 763 II
1073 727 1125 783 p.
1172 714 1274 768 140
1315 707 1471 781 not.).
1557 710 1692 765 Post
1747 726 1838 765 eas
1893 727 1981 765 res
2037 717 2222 784 gestas
2265 708 2318 763 in
2370 708 2594 773 hiberna
2634 726 2754 765 eum

472 810 788 869 discessisse
832 816 886 864 et
918 817 1164 867 senatum
1200 811 1267 867 de
1311 810 1607 884 provinciis
1651 810 1961 867 consultum
2017 811 2066 867 ei
2104 810 2403 867 Numidiam
2455 810 2756 867 decrevisse

471 920 659 968 narrat
700 911 989 967 Sallustius
1027 919 1122 976 61,
1170 920 1203 971 2
1247 920 1303 967 61
1340 918 1434 975 62,
1480 920 1584 972 lo..
1649 912 1724 971 Ex
1770 930 1878 986 quo
1925 912 2057 969 satis
2105 912 2328 986 adparet
2381 912 2434 967 ei
2482 912 2756 985 ‚inperium

462 1014 532 1069 -in
571 1030 771 1069 annum
822 1019 917 1073 107
954 1014 1021 1070 ab
1064 1021 1257 1071 senatu
1297 1021 1657 1089 prorogatum
1701 1032 1840 1071 esse.
1919 1014 2026 1071 Iam
2064 1012 2231 1069 Mario
2263 1012 2570 1070 vaticinium
2606 1012 2756 1075 illud,

478 1131 586 1188 quo
640 1114 705 1169 ad
748 1117 1045 1189 petundum
1096 1116 1440 1173 consulatum
1480 1116 1832 1175 confirmatus
1877 1123 1986 1179 est,
2033 1133 2154 1173 611111
2187 1131 2305 1187 per
2343 1116 2492 1171 idem
2539 1122 2762 1187 tempus

478 1215 683 1273 editum
724 1234 843 1273 esse
885 1218 1097 1275 dicatur
1138 1217 1241 1293 (63,
1294 1217 1342 1291 l)
1375 1211 1437 1293 ¹),
1486 1237 1599 1275 non
1643 1225 1829 1293 potest
1875 1219 1982 1274 nisi
2024 1218 2079 1274 in
2122 1216 2364 1275 hibernis
2409 1218 2458 1273 ei
2503 1216 2759 1279 evenisse,

475 1319 796 1392 praesertim
839 1338 963 1376 eum
998 1320 1180 1377 Uticae
1234 1320 1348 1375 deis
1403 1339 1527 1378 eum
1586 1320 1974 1395 subplicavisse
2019 1319 2145 1375 Sall.
2193 1318 2410 1375 referat.
2497 1319 2629 1377 Cum
2667 1336 2763 1393 pe-

478 1420 600 1475 titio
654 1422 927 1477 missionis
984 1421 1317 1495 aliquamdiu
1373 1422 1439 1478 ab
1483 1422 1700 1479 Metello
1745 1422 1946 1479 reiecta
1999 1428 2054 1478 61
2110 1422 2326 1477 tandem
2380 1438 2502 1477 cum
2560 1420 2764 1477 bellum

478 1529 752 1597 tamquam
800 1524 1078 1597 integrum
1124 1532 1412 1599 pararetur
1459 1524 1716 1581 dimissus
1769 1524 1868 1586 sit,
1931 1524 2240 1581 necessario
2285 1522 2632 1579 statuendum
2679 1530 2766 1579 est

478 1641 603 1679 eum
647 1642 757 1680 non
796 1626 1031 1683 multum
1082 1632 1207 1680 ante
1254 1605 1826 1683 comitiaconsularia
1875 1658 1948 1667 —
1997 1627 2231 1682 sortasse
2275 1643 2341 1681 eo
2379 1643 2522 1681 anno
2568 1632 2630 1681 ut
2673 1644 2766 1681 su-

477 1725 789 1799 perioribus
838 1744 938 1801 per
984 1726 1235 1791 tribunos
1276 1728 1518 1802 inpedita
1567 1759 1639 1769 —
1689 1730 1911 1785 Romam
1954 1728 2196 1789 venisse,
2243 1744 2342 1783 nee
2383 1727 2562 1783 minus
2604 1744 2767 1801 proe-

479 1826 631 1889 lium,
680 1846 789 1901 quo
836 1846 1030 1885 rursus
1076 1830 1339 1903 Iugurtha
1384 1830 1559 1887 victus
1609 1839 1710 1893 est,
1757 1830 2215 1904 expugnationem
2258 1828 2492 1899 Thalae,
2530 1827 2768 1902 denique

479 1929 672 1985 foedus
723 1930 791 1986 ab
830 1924 1196 1987 *Numidarum
1252 1950 1382 2006 rege
1436 1950 1559 1989 cum
1600 1932 1812 1989 Boccho
1870 1932 2064 1988 initum
2117 1949 2164 1986 a.
2219 1935 2346 1997 107,
2399 1948 2510 2004 quo
2566 1929 2769 1986 Marius

477 2031 673 2088 consul
720 2032 851 2095 fuit,
910 2033 1050 2089 sacta
1094 2052 1231 2090 6336.
1318 2035 1411 2090 Η13
1468 2034 1627 2091 sactis
1671 2035 1886 2091 demum
1930 2031 2178 2089 Metellus
2221 2031 2550 2105 provinciam
2584 2031 2770 2087 Numi-

478 2132 619 2189 diam
672 2133 839 2191 Mario
884 2136 1061 2191 datam
1116 2154 1237 2191 6336
1290 2136 1540 2214 conperit
1586 2135 1714 2209 (82,
1755 2134 1838 2209 2).
1922 2134 2456 2191 Manusestissumum
2506 2150 2638 2207 ergo
2676 2139 2771 2187 est

480 2234 696 2291 Metello
738 2236 1008 2311 inperium
1055 2256 1165 2294 non
1211 2257 1257 2294 a.
1308 2243 1434 2300 107,
1488 2246 1572 2293 361
1627 2238 1682 2293 111
1731 2256 1776 2293 a.
1823 2242 1922 2296 106
1956 2236 2282 2309 abrogatum
2327 2252 2476 2298 esse,
2519 2235 2575 2291 id
2619 2234 2770 2309 quod

480 2336 963 2414 praeclarissumus
995 2356 1176 2395 rerum
1200 2340 1562 2396 Romanarum
1596 2338 1922 2395 inlustrator
1950 2338 2048 2393 Th.
2072 2336 2457 2394 Mommsenius
2490 2335 2552 2408 (ΙΙ
2581 2356 2632 2413 p.
2668 2342 2770 2396 145

482 2438 639 2511 extr.)
699 2440 995 2496 verissume
1048 2441 1347 2497 contendit.
1444 2440 1499 2496 ld
1557 2441 1921 2497 confirmatur·
1975 2439 2139 2495 etiam
2191 2456 2288 2501 eo,
2345 2438 2491 2512 quod
2541 2436 2588 2493 si
2643 2444 2769 2493 ante

484 2557 644 2613 quam
686 2541 947 2613 Iugurtha
992 2542 1056 2597 ad
1100 2542 1367 2609 Bocchum
1417 2543 1716 2616 confugere
1764 2549 1986 2599 coactus
2033 2548 2178 2597 esset
2228 2538 2444 2595 Metello
2493 2538 2770 2613 provincia

482 2641 727 2715 adempta
774 2650 937 2704 esset,
976 2660 1086 2699 non
1128 2651 1275 2699 recte
1317 2644 1419 2699 iam
1450 2652 1607 2719 parta
1632 2644 1858 2701 victoria
1898 2643 1948 2699 ei
1989 2649 2174 2717 erepta
2219 2639 2324 2715 (82,
2357 2639 2410 2713 3)
2455 2658 2556 2697 nee
2597 2639 2771 2713 magis

485 2741 688 2798 bellum
738 2761 909 2817 paene
968 2752 1245 2819 patratum
1304 2743 1521 2817 (Vellei.
1561 2746 1603 2801 ΙΙ
1655 2744 1744 2819 ll)
1795 2745 2086 2815 diceretur.
2187 2743 2342 2812 Quod
2401 2742 2444 2799 si
2506 2743 2564 2797 T.
2609 2739 2770 2796 Manli

484 2843 710 2901 Mancini
758 2846 1045 2918 rogatione
1088 2846 1254 2903 Mario
1287 2848 1342 2903 in
1378 2864 1576 2904 annum
1621 2854 1720 2908 106
1762 2847 1892 2903 belli
1935 2845 2246 2920 Iugurthini
2280 2844 2549 2918 inperium
2587 2842 2772 2898 datum

485 2964 605 3002 6336
647 2954 857 3006 eertum
888 2956 1015 3012 -est,
1079 2948 1399 3007 Sallustium
1442 2967 1558 3006 rem
1603 2968 1714 3007 non
1756 2967 1987 3025 prorsus
2033 2946 2308 3021 cognitam
2351 2945 2606 3004 habuisse
2649 2944 2773 2999 inde

484 3049 735 3123 adparet,
790 3051 937 3125 quod
990 3069 1113 3109 eum
1170 3051 1453 3109 consulem
1496 3052 1700 3111 bellum
1741 3052 1979 3125 gessisse
2019 3049 2282 3111 narravit,
2337 3064 2660 3123 quamquam
2716 3045 2772 3101 id

487 3152 703 3225 quidem
745 3138 919 3209 levius
964 3162 1064 3219 est,
1114 3154 1371 3228 quoniam
1415 3154 1550 3211 adeo
1599 3153 1691 3211 ubi
1735 3154 1802 3210 de
1851 3154 2016 3211 rebus
2063 3160 2212 3209 certe
2257 3168 2368 3206 non
2412 3157 2538 3205 ante
2582 3166 2628 3203 a.
2670 3153 2774 3207 106

485 3260 783 3310 extremum
820 3256 991 3328 gestis
1032 3256 1457 3316 conmemoravit
1484 3255 1625 3328 (103,
1653 3262 1704 3314 4.
1744 3261 1856 3318 104,
1882 3262 1931 3312 2.
1978 3262 2089 3317 109,
2111 3253 2182 3327 2),
2229 3251 2608 3325 neglegentius
2641 3267 2774 3308 eun-

484 3355 604 3409 dem
636 3355 915 3412 consulem
960 3356 1264 3432 adpellavit.
1338 3359 1405 3413 At
1432 3357 1585 3413 val'de
1617 3356 1910 3413 dolendum
1956 3362 2056 3419 631,
2085 3355 2233 3429 quod
2261 3354 2391 3428 quid
2415 3353 2481 3408 de
2527 3352 2642 3427 ipsa
2681 3352 2773 3408 ad-

484 3456 758 3531 emptione
803 3458 1110 3532 provinciae
1146 3459 1463 3521 narraverit,
1508 3458 1796 3515 nescimus.
1877 3458 2008 3515 Nam
2048 3457 2162 3530 lug.
2209 3462 2303 3519 63.
2342 3460 2372 3515 7
2420 3454 2774 3529 archetypum

486 3557 737 3614 mutilum
775 3559 946 3615 fuisse
982 3560 1175 3623 elucet,
1223 3560 1349 3632 quia
1392 3561 1768 3617 vetustissumi
1813 3560 1941 3615 libri
1989 3576 2176 3615 omnes
2207 3557 2284 3613 nil
2330 3557 2435 3613 nisi
2473 3563 2558 3613 set
2593 3559 2776 3629 paulo

485 3663 825 3717 decreverat
864 3661 1136 3724 exhibent,
1182 3668 1238 3717 et
1285 3680 1423 3736 quae
1455 3680 1518 3717 ex
1565 3663 1684 3719 aliis
1729 3662 1886 3718 libris
1929 3662 1987 3717 in
2032 3680 2138 3717 var.
2189 3678 2292 3717 scr.
2336 3666 2392 3715 et
2430 3676 2594 3733 supra
2628 3676 2681 3731 p.
2711 3664 2778 3717 13

484 3781 536 3818 n.
588 3772 607 3822 l
659 3763 899 3837 protuli,
961 3762 1309 3820 librariorum
1351 3773 1637 3821 conmenta
1679 3782 1798 3821 esse
1835 3763 1922 3819 vel
1963 3780 2027 3819 ex
2065 3762 2272 3819 ordinis
2317 3760 2610 3817 verborum
2652 3776 2774 3833 gra-

484 3866 641 3923 vibus
676 3864 1184 3941 perturbationibus
1230 3866 1468 3941 adparet.
1551 3865 1645 3922 Set
1703 3866 1746 3921 si
1805 3865 1934 3940 quid
1999 3864 2264 3937 scriptum
2309 3862 2477 3918 fuerit
2535 3860 2776 3916 divinare

488 3968 728 4032 velimus,
776 3986 842 4024 eo
888 3968 1061 4042 magis
1102 3969 1284 4024 cautio
1328 3969 1631 4025 adhibenda
1661 3976 1760 4030 cst,
1800 3966 1948 4041 quod
1986 3984 2054 4022 116
2092 3965 2487 4040 turpissumum
2529 3979 2772 4017 errorem

486 4071 743 4147 scriptori
786 4070 1121 4144 adtingamus
1166 4072 1454 4129 verendum
1486 4078 1586 4127 est.
1666 4070 1797 4125 Nam
1841 4070 1890 4124 si
1935 4067 2072 4123 nihil
2114 4066 2260 4122 aliud
2289 4066 2555 4139 scriptum
2601 4063 2772 4119 fuisse

558 4201 605 4267 l)
640 4204 785 4253 Plut.
822 4204 961 4253 Mar.
988 4202 1021 4252 8
1058 4207 1188 4255 ante
1215 4219 1379 4269 quam
1415 4201 1597 4251 dimis-
1649 4197 1964 4263 ‘scenderet‚
2003 4198 2464 4263 subplicationem
2497 4195 2653 4245 illam
2687 4194 2772 4243 fa·-

479 4304 575 4361 3113
624 4290 693 4339 ab
739 4288 965 4339 Metello
1010 4288 1213 4339 Uticae
1259 4288 1445 4339 navim
1504 4286 1601 4335 ad·-
1657 4290 1804 4337 etam
1841 4300 1961 4336 esse
1999 4280 2445 4335 conmemoravit.
