3042 4917
876 287 1483 338 conmuni-Arionem
1535 289 1676 336 cn».
1724 290 1784 338 v.
2359 267 2489 338 129·

360 447 477 524 lug.
525 456 621 513 89,
664 454 695 510 7
764 449 1031 505 rationem
1078 447 1395 505 emendandi
1450 446 1627 523 putidi
1670 456 1726 504 et
1772 446 2001 504 inauditi
2056 443 2203 505 illius
2246 447 2476 520 Africa,

178 567 339 625 quae
377 552 596 624 procul
640 569 675 606 a
720 554 873 607 mari
920 553 1193 607 incultius
1234 553 1467 624 ayebat,
1531 550 1676 624 quod
1731 548 1966 605 minume
2015 549 2326 605 defenditur
2378 551 2474 612 eis,

179 672 328 728 quae
375 653 617 710 Kritzius
662 653 729 709 ad
770 653 885 726 lug.
930 659 1012 715 55,
1054 659 1088 710 2
1130 652 1392 713 contulit,
1453 658 1600 707 recte
1643 652 1721 706 vir
1768 651 2166 724 sagacissumus
2209 649 2510 712 Linkerus·

178 757 463 820 ostendit;
510 772 540 810 a
586 773 694 828 quo
740 755 796 810 in
841 772 906 810 eo
958 761 1167 810 tantum
1208 753 1451 816 discessi,
1500 753 1646 827 quod
1689 770 1811 810 cum
1854 753 2061 829 optumi
2102 752 2230 808 libri
2275 753 2479 824 ayebal

176 857 541 920 exhiberent,
601 856 813 913 facilius
858 865 913 912 et
958 857 1022 912 ad
1070 856 1394 911 sententiam
1442 854 1624 929 aptius
1680 856 1961 928 ayebatur
2017 872 2178 929 quam
2233 855 2480 927 ayebant

176 959 355 1016 scribi
379 958 711 1016 existumavi.
772 957 844 1014 Ea
867 966 1047 1014 autem
1072 957 1447 1014 emendatione
1472 963 1690 1031 recepta
1714 955 1876 1012 etiam
1900 955 2112 1013 facilius
2136 956 2476 1031 probabitur,

177 1061 336 1135 quod
381 1079 547 1135 supra
592 1079 643 1134 p.
690 1067 760 1122 88
817 1059 1043 1134 exposui
1094 1059 1208 1116 illis
1260 1077 1363 1134 pro
1407 1059 1738 1132 glossemate
1792 1059 2095 1115 habendum
2148 1075 2296 1122 esse,
2355 1075 2477 1117 cum

177 1165 267 1220 sic
311 1162 584 1232 ultumum
621 1161 921 1219 membrum
960 1161 1027 1217 ad
1061 1163 1249 1233 ibique
1286 1168 1341 1217 et
1374 1163 1434 1216 in
1479 1163 1635 1217 omni
1670 1160 1878 1233 Africa
1922 1161 2210 1218 referatur.

360 1299 474 1372 lug.
522 1305 606 1362 92,
652 1309 685 1360 5
729 1298 875 1372 quod
914 1297 1189 1354 difficilius
1235 1304 1320 1353 set
1376 1296 1443 1352 ab
1499 1295 1769 1353 latinitate
1813 1315 1924 1354 non
1970 1298 2205 1356 alienum
2237 1298 2476 1372 flumine

174 1400 501 1457 Malachae
545 1400 877 1475 receperim,
934 1417 1046 1456 non
1090 1416 1283 1456 vereor
1331 1416 1399 1456 ne
1458 1416 1489 1454 a
1538 1398 1732 1473 peritis
1780 1400 2126 1456 vehementer
2177 1401 2472 1477 vituperer,

176 1520 287 1559 nec
340 1502 514 1575 magis
562 1503 709 1575 quod
751 1501 915 1576 paulo
956 1507 1084 1575 post
1126 1518 1191 1556 ex
1234 1518 1329 1564 ec,
1386 1501 1441 1557 in
1498 1518 1608 1574 quo
1661 1502 2031 1559 vetustissumi
2078 1502 2204 1558 libri
2247 1520 2477 1560 consen-

175 1605 334 1660 tiunt
380 1606 569 1660 omnia
610 1611 827 1660 natura
865 1602 1206 1660 scribendum
1256 1602 1463 1659 conieci
1507 1605 1690 1659 omnis
1733 1622 1769 1658 a
1811 1610 2062 1674 natura,
2127 1605 2274 1679 quod
2330 1612 2476 1662 recte

176 1705 393 1762 dictum
439 1723 560 1762 esse
598 1705 922 1768 ostendunt,
974 1722 1111 1780 quae
1154 1703 1395 1760 Handius
1441 1705 1596 1761 Turs.
1641 1705 1662 1759 1
1704 1724 1756 1780 p.
1802 1713 1871 1766 28
1912 1723 2032 1780 sqq.
2081 1713 2145 1778 *et
2186 1705 2362 1762 Peter.
2409 1707 2476 1762 ad

175 1808 290 1864 Cic.
338 1808 433 1879 Or,
468 1813 550 1870 12,
590 1813 653 1868 37
700 1825 753 1881 p.
797 1813 899 1867 123
942 1806 1302 1881 disputavere.

357 1943 472 2017 lug.
519 1949 603 2006 93,
645 1949 685 2010 4
727 1941 991 1998 Linkerus
1036 1950 1092 1998 et
1133 1941 1373 1998 Kritzius
1420 1939 1607 1996 Orellii
1663 1941 2033 2002 coniecturam
2091 1944 2315 1998 castelli
2341 1945 2474 2014 pla-

176 2047 380 2122 nitiem
410 2047 708 2116 perrepsit
749 2044 1172 2118 conprobavere,
1220 2062 1379 2119 quam
1416 2026 1622 2098 tantum
1659 2043 1814 2099 abest
1857 2051 1921 2099 ut
1958 2045 2367 2118 reprehendam,
2411 2051 2473 2100 ut

175 2147 399 2216 laudem
448 2154 503 2202 et
544 2147 885 2220 ingeniosam
929 2145 1177 2202 iudicem.
1269 2146 1363 2202 Set
1402 2146 1446 2201 si
1504 2145 1771 2200 librorum
1831 2146 2130 2220 scripturas
2173 2145 2474 2221 perlustra-

175 2249 441 2311 verimus,
486 2249 594 2305 duo
629 2249 869 2305 videmus
898 2249 1295 2322 antiquissuma
1330 2264 1479 2303 esse:
1522 2249 1584 2302 in
1618 2249 1919 2319 planitiem
1944 2251 2212 2319 pervenit
2253 2255 2310 2304 et
2339 2250 2473 2320 pla·

174 2353 382 2406 nitiem
421 2352 751 2422 perscribit,
788 2352 1141 2422 perscripsit
1183 2349 1503 2424 pauciorum
1551 2355 1606 2405 et
1659 2350 2029 2406 recentiorum
2074 2368 2211 2406 esse.
2303 2348 2470 2417 Quam

176 2453 491 2526 scripturae
516 2451 887 2508 divorsitatem
916 2469 1025 2525 quo
1051 2451 1159 2507 alio
1186 2451 1347 2508 modo
1372 2457 1551 2507 natam
1577 2468 1697 2507 esse
1721 2468 1927 2514 censes,
1959 2452 2064 2507 nisi
2093 2453 2149 2510 in
2174 2453 2472 2528 archetypo

176 2553 535 2609 obscuratum
558 2552 727 2616 fuisse
751 2553 975 2610 verbum
1006 2554 1248 2609 statuas?
1292 2553 1481 2608 Utrum
1512 2561 1692 2609 autem
1723 2553 1772 2608 ei
1797 2555 1942 2627 quod
1977 2555 2242 2629 scriptum
2274 2555 2499 2620 suerat„

175 2672 509 2730 proxumum
544 2672 603 2711 ac
639 2654 987 2710 simillumum
1025 2656 1264 2716 videtur,
1312 2657 1373 2710 in
1410 2657 1706 2726 planitiem
1741 2659 2033 2726 pervenit,
2079 2658 2226 2732 quod
2263 2657 2473 2732 glosse-

176 2757 347 2812 matis
372 2756 607 2830 speciem
638 2763 824 2830 aperte
854 2773 985 2830 prae
1010 2774 1067 2812 se
1098 2757 1223 2818 fert,
1250 2773 1316 2811 an
1335 2757 1684 2827 perscribit?
1736 2757 1820 2812 Ab
1848 2765 1976 2814 utro
2001 2775 2134 2832 ergo
2165 2759 2470 2816 emendatio

176 2858 478 2932 repetenda
521 2859 642 2914 est?
718 2857 812 2913 His
848 2858 1054 2915 caussis
1100 2859 1377 2920 adductuS,
1416 2859 1562 2931 quod
1592 2858 1696 2913 iam
1737 2865 1895 2915 antea
1935 2859 2299 2923 conieceram,
2331 2877 2473 2932 per·

175 2965 487 3015 scrutatur
538 2959 775 3034 reposui.
845 2957 999 3026 Quod
1056 2959 1102 3016 si
1151 2959 1273 3034 quis
1320 2962 1621 3032 perrepsit
1665 2961 1719 3015 in
1765 2960 2044 3017 nonnullis
2093 2961 2246 3017 libris
2293 2979 2473 3018 serva-

176 3070 298 3117 tum
356 3078 476 3116 esse
522 3061 825 3135 monuerit,
884 3079 1001 3116 eam
1048 3060 1258 3118 librarii
1300 3061 1509 3135 sagacis
1557 3069 1612 3117 et
1672 3062 1816 3118 acuti
1869 3063 2298 3120 emendationem
2351 3079 2470 3119 esse
2554 3125 2558 3131 ,

179 3170 390 3220 teneto.

354 3298 425 3355 De
468 3299 591 3372 loeo
630 3271 725 3362 34,
769 3308 791 3359 1
848 3299 1104 3374 quoniam
1149 3298 1256 3374 ipsi
1310 3297 1438 3355 libri
1480 3299 1912 3356 emendationem
1946 3300 2276 3376 praebuere,
2334 3301 2472 3358 nihil

176 3401 387 3463 dicam,
446 3409 530 3457 set
576 3400 740 3475 paulo
791 3408 921 3476 post
956 3407 1017 3463 2,
1077 3419 1400 3476 quamquam
1456 3419 1635 3475 neque
1681 3401 1948 3458 Linkerus
1997 3421 2175 3478 neque
2230 3403 2470 3461 Kritzius

174 3503 400 3559 adsensi
446 3510 604 3565 sunt,
664 3511 843 3559 tamen
898 3502 1191 3558 etiamnum
1237 3502 1371 3558 illud
1414 3505 1560 3577 quod
1605 3503 1759 3560 Ohss.
1808 3523 1858 3580 p.
1901 3511 1934 3567 7
1979 3506 2117 3569 dixi,
2183 3507 2473 3563 tenendum

175 3612 339 3679 puto,
384 3603 729 3660 scribendum
774 3623 894 3661 esse
941 3611 1195 3661 vetustae
1252 3608 1509 3674 radices,
1547 3606 1914 3666 ‚confirmatus
1966 3625 2032 3665 eo
2088 3609 2470 3683 potissumum,

178 3706 331 3778 quod
376 3706 433 3760 in
476 3723 528 3761 m
572 3723 720 3762 conr.
769 3707 821 3762 id
866 3707 1060 3763 inveni.
1153 3707 1337 3782 Neque
1381 3709 1524 3765 enim
1569 3715 1848 3765 velustate
1887 3713 2136 3766 eminere
2187 3719 2334 3768 recte
2392 3709 2472 3768 sic

174 3807 287 3863 dici
329 3787 472 3880 puto
508 3807 732 3871 radices,
780 3825 919 3882 quae
962 3825 1059 3864 sua
1088 3816 1357 3867 vetustate
1396 3811 1577 3868 solum
1619 3811 2003 3886 perfregerint,
2051 3811 2335 3887 multoque
2372 3812 2472 3868 mi·

174 3927 283 3964 nus
332 3926 457 3964 cum
495 3907 705 3965 Kritzio
744 3910 810 3966 de
853 3911 996 3966 saxis
1040 3918 1313 3968 vetustate
1357 3912 1620 3986 paulatim
1657 3915 1862 3977 adesis,
1908 3913 2225 3977 maceratis,
2271 3912 2470 3970 solutis

176 4010 416 4084 cogitari
458 4027 623 4084 posse
667 4013 923 4068 concedo.
1030 4013 1299 4092 Vetustae
1344 4017 1576 4070 radices
1621 4021 1780 4077 sunt,
1827 4031 2057 4090 quarum
2101 4015 2326 4071 arbores
2366 4015 2472 4072 iam

175 4112 273 4168 diu
311 4127 499 4167 caesae
535 4119 629 4168 aut
673 4113 933 4188 procellis
974 4115 1250 4171 subrutae.
1328 4114 1451 4170 Inde
1500 4133 1608 4188 quo
1655 4115 1816 4171 modo
1862 4121 2138 4173 vetustate
2181 4117 2328 4174 nasci
2374 4135 2473 4191 po-

180 4213 382 4274 tuerit,
438 4213 531 4287 qui
573 4232 733 4289 quam
778 4231 940 4290 saepe
983 4215 1200 4273 litterae
1244 4217 1311 4272 ab
1358 4216 1718 4274 oscitantibus
1771 4216 2009 4274 librariis
2055 4218 2320 4291 repetitae
2364 4219 2475 4275 sint

174 4315 521 4390 cognoverit,
566 4333 678 4376 non
722 4317 1093 4374 admirabitur.

323 4431 596 4483 SALLUST.
644 4449 735 4483 nn.
772 4433 1049 4484 Dm'rscn.
2023 4419 2062 4481 9
