3042 4917
552 288 674 352 252
1113 309 1200 350 Dr.
1245 309 1453 350 nunno
1497 310 1903 352 ivuvn'rumo
1950 311 2007 352 c.
2044 303 2131 355 21.
2164 303 2253 355 22.

551 461 688 520 dato
733 467 922 520 eastra
965 459 1224 520 hostium
1267 461 1576 520 invadunt:
1622 462 2013 522 semisomnos
2046 466 2289 542 partim,
2344 465 2491 524 aiios
2530 485 2717 524 arnna
2766 484 2865 524 su-

550 565 764 622 mentis
809 563 1012 648 sugant
1055 561 1457 640 funduntque:
1517 562 1809 623 Adherbal
1854 583 1989 624 cum
2030 568 2235 643 paucis
2274 565 2581 644 equitibus
2626 568 2861 626 Cirtam

553 665 842 743 profugit,
901 672 958 723 et
1014 666 1072 724 ni
1117 664 1428 724 multitudo
1483 671 1821 740 togatorum
1872 665 2101 734 suisset,
2160 686 2311 745 quae
2358 668 2651 728 Numidas
2700 669 2861 728 inse·

553 768 786 845 quentis
829 765 1138 826 moenibus
1182 765 1501 844 prohibuit,
1548 785 1669 826 uno
1702 766 1795 826 die
1838 769 1991 826 inter
2034 767 2185 827 duos
2226 786 2401 845 reges
2432 777 2727 848 coeptum
2772 777 2855 828 at-

507 879 666 947 ⁵que
711 874 1004 945 patratum
1050 867 1268 927 bellum
1307 867 1478 928 foret.
1570 869 1753 944 Igitur
1792 868 2073 944 Iugurtha
2120 871 2403 949 oppidum
2440 872 2853 938 circumsedit,
2888 880 2915 930 3

551 971 734 1030 vineis
771 969 1150 1048 turribusque
1195 975 1252 1029 et
1289 971 1575 1030 machinis
1620 972 1881 1030 omnium
1912 987 2201 1046 generum
2238 989 2587 1052 expugnare
2630 975 2853 1050 adgre-
2992 965 2994 972 ’

551 1072 726 1138 ditur,
771 1089 1044 1132 maxume
1085 1057 1364 1132 festinans
1405 1078 1640 1149 tempus
1690 1071 2019 1147 legatorum
2064 1081 2451 1150 antecapere,
2509 1095 2665 1154 quos
2710 1081 2851 1135 ante

551 1173 842 1251 proelium
891 1173 1108 1233 sartum
1153 1174 1228 1234 ab
1274 1173 1605 1234 Adherbale
1644 1173 1891 1233 Romam
1928 1175 2139 1234 missos
2192 1176 2513 1240 audiverat.

721 1275 824 1335 Set
865 1283 1174 1354 postquam
1218 1283 1456 1336 senatus
1492 1276 1565 1334 de
1608 1274 1763 1334 bello
1800 1295 2005 1335 eorum
2036 1279 2447 1355 aceepit,-tres
2490 1277 2847 1338 adulescen·
2880 1283 2907 1329 4

489 1386 534 1426 10
555 1385 640 1436 tes
683 1379 742 1438 in
777 1377 1030 1438 Africam
1077 1377 1382 1453 legantur,
1433 1379 1533 1455 qui
1582 1377 1789 1436 ambos
1825 1393 1998 1453 reges
2036 1379 2277 1447 adeant,
2324 1387 2571 1441 senatus
2611 1379 2845 1458 populi-

553 1499 668 1558 que
710 1477 958 1539 Romani
1007 1478 1198 1538 verbis
1229 1469 1532 1539 nuntient:
1578 1478 1725 1538 velle
1768 1487 1826 1538 et
1857 1497 2121 1548 censere,
2170 1499 2273 1540 eos
2310 1481 2385 1540 ab
2420 1483 2609 1540 armis
2654 1482 2845 1541 disee·

553 1582 728 1642 dere:
775 1583 852 1641 ita
883 1599 1064 1659 seque
1103 1580 1328 1657 illisque
1359 1581 1601 1656 dignum
1632 1599 1779 1644 esse.
1858 1581 2061 1658 Legati
2090 1585 2145 1640 in
2178 1582 2435 1642 Africam
2469 1589 2843 1642 maturantes
2864 1578 2933 1636 22

555 1685 809 1751 veniunt,
859 1701 928 1742 eo
973 1683 1159 1758 magis
1201 1682 1358 1760 quod
1405 1682 1645 1750 Romae,
1694 1683 1834 1742 dum
1878 1683 2171 1759 proticisci
2214 1691 2442 1762 parant,
2490 1684 2565 1744 de
2614 1683 2845 1762 proelio

555 1785 708 1844 sacto
757 1791 816 1844 et
869 1784 1306 1862 obpugnatione
1357 1785 1549 1844 Cirtae
1612 1784 1987 1844 audiebatur:
2054 1792 2144 1844 set
2206 1787 2255 1845 is
2310 1804 2521 1845 rumor
2577 1785 2844 1845 clemens

487 1895 533 1934 ¹⁵
554 1895 696 1947 erat.
789 1887 1054 1957 Quorum
1109 1887 1390 1962 Iugurtha
1450 1895 1687 1963 accepta
1742 1888 2009 1945 oratione
2060 1888 2401 1964 respondit:
2466 1887 2581 1947 sihi
2646 1905 2843 1965 neque
2876 1900 2903 1946 ‘2

551 1991 738 2050 maius
793 1991 1108 2068 quicquam
1165 2006 1358 2066 neque
1407 1989 1601 2048 carius
1658 1989 2001 2048 auctoritate
2059 1990 2247 2048 senati
2298 2005 2457 2048 esse:
2515 1989 2591 2048 ab
2642 1989 2843 2050 adule-

720 2195 769 2242 5.
817 2195 954 2243 Vid.
993 2197 1191 2243 Iocum
1229 2192 1621 2252 Quintiliani
1654 2194 1735 2241 ad
1772 2192 1903 2242 Cat.
1947 2189 2035 2253 18,
2074 2192 2109 2240 2
2145 2193 2439 2240 adlatum.

689 2261 767 2310 14.
806 2261 1078 2311 Priscian.
1119 2261 1304 2309 XVIII
1339 2277 1391 2324 p.
1434 2257 1588 2307 1202:
1628 2260 1766 2310 Hinc
1801 2258 2069 2308 Sallustius
2104 2263 2156 2308 in
2190 2259 2491 2324 Iugurthino
2530 2260 2633 2309 sed
2670 2261 2719 2309 is
2754 2277 2839 2309 ru—

549 2345 666 2379 mor
701 2329 941 2378 clemens
979 2335 1099 2378 erat
1131 2345 1229 2392 pro
1268 2332 1381 2378 ‘non
1415 2325 1631 2376 nimius'.

557 2515 598 2564 1.
639 2515 854 2565 invadit:
891 2515 1057 2580 (conr.
1085 2543 1122 2549 -<-
1154 2513 1309 2577 dunt)
1347 2517 1407 2564 P.
1468 2513 1721 2563 invandit
1755 2514 2024 2563 invadunt
2060 2530 2129 2562 m.
2223 2514 2571 2563 semisonnos
2608 2513 2694 2564 P⁴.
2754 2532 2831 2564 se-

551 2619 882 2681 misompnos
918 2616 1041 2681 p⁶sL
1117 2615 1474 2664 semisomnes
1500 2631 1549 2679 y.
1614 2617 1915 2664 semisonos
1954 2613 2029 2678 g⁷.
2073 2641 2133 2648 —
2170 2614 2219 2661 2.
2258 2620 2543 2664 sumentes
2583 2617 2659 2665 ad
2680 2633 2832 2680 mar-9.

550 2701 616 2733 m.
693 2685 891 2733 sudant
928 2685 1088 2746 (conr.
1119 2684 1337 2747 fugant)
1376 2686 1434 2733 P.
1511 2683 1853 2746 fundantque
1893 2680 2053 2743 (conr.
2089 2682 2379 2744 —dunt—-)
2416 2682 2478 2729 P.
2524 2710 2589 2717 —-
2630 2682 2681 2732 3.
2720 2701 2832 2748 per·

550 2754 693 2817 sugit
728 2751 882 2802 ΜΜῆ
981 2752 1368 2815 insaequentes
1405 2753 1464 2799 P.
1515 2777 1578 2785 —
1627 2750 1675 2799 5.
1725 2750 1869 2798 foret
1906 2748 2109 2799 bellum
2146 2748 2647 2813 MM2TEFp¹p⁵h0z
2689 2779 2754 2786 —
2786 2751 2829 2800 6.

550 2821 866 2884 adgreditur
901 2822 944 2869 P
973 2817 1133 2880 (conr.
1162 2819 1337 2884 aggr.)
1365 2815 1829 2880 P¹P²P⁴m¹gss's².
1881 2843 1950 2852 --
1995 2816 2041 2864 7.
2091 2815 2438 2880 lallgatorum
2476 2818 2647 2879 (conr.
2689 2820 2833 2884 lega-

547 2887 745 2952 torum)
785 2889 844 2936 P.
882 2916 938 2922 —
983 2888 1030 2934 8.
1071 2903 1278 2936 romam
1316 2887 1385 2936 ab
1415 2884 1712 2935 adherbale
1741 2883 2272 2948 MM¹M²TEFp¹mh.
2313 2912 2377 2919 —
2412 2883 2461 2933 9.
2506 2886 2834 2936 adulescen-

548 2962 631 3005 tes
669 2959 710 3005 P
749 2955 911 3019 (conr.
938 2955 1068 3016 dol.)
1099 2952 1391 3003 P¹M¹m¹s².
1438 2979 1507 2988 ——-
1551 2954 1601 3002 9.
1653 2953 1811 3001 ambo
1850 2953 2009 3013 (conr.
2040 2952 2189 3014 —os)
2226 2950 2311 3000 1³³.
2396 2967 2561 3016 reges
2596 2970 2716 3018 sup.
2756 2959 2833 3003 lin.

547 3041 616 3073 m.
698 3025 880 3074 senati
928 3023 1074 3072 Linlc.
1115 3029 1298 3073 eontra
1342 3022 1513 3071 libros.
1588 3026 1813 3070 senatus
1862 3018 2048 3084 populi
2096 3021 2307 3069 romani
2350 3019 2533 3068 Mms².
2612 3028 2837 3071 senatus

549 3097 603 3142 et
638 3093 824 3158 populi
862 3092 1072 3142 romani
1111 3088 1404 3156 p5p⁶g⁵g⁶y.
1441 3115 1508 3122 -
1548 3087 1625 3137 10.
1664 3087 1849 3137 verbis
1884 3104 1995 3152 sup.
2034 3089 2120 3137 lin.
2158 3089 2218 3136 P.
2312 3087 2459 3137 velle
2499 3088 2565 3138 ab
2605 3092 2756 3141 initio
2792 3094 2835 3138 in

549 3161 672 3210 Naz.
714 3177 810 3212 non
843 3161 1004 3222 fuisse
1044 3160 1292 3210 Gruterus
1330 3163 1529 3206 narrat.
1602 3155 1935 3205 descendere
1976 3154 2168 3218 (conr.)
2206 3160 2433 3203 senatus
2471 3156 2557 3204 ita
2582 3168 2759 3222 seque
2784 3175 2833 3223 μ.

547 3263 673 3310 Post
708 3262 992 3312 discedere
1029 3264 1154 3312 haee
1191 3261 1257 3309 de
1296 3257 1689 3309 controversiis
1726 3257 1839 3305 suis
1886 3257 2004 3306 iure
2042 3257 2227 3320 potius
2265 3271 2427 3320 quam
2466 3257 2619 3306 bello
2659 3258 2833 3308 disce-

547 3335 702 3393 ptare
739 3333 972 3394 leguntur
1006 3334 1056 3379 in
1095 3343 1126 3379 σ
1157 3330 1310 3377 Leid.
1353 3329 1409 3376 G.
1473 3326 1686 3388 Erlany.
1734 3326 1912 3373 Vinar.
1953 3323 2037 3372 II.
2100 3325 2286 3372 Heuss.
2328 3323 2515 3372 Franc.
2558 3329 2681 3375 cod.
2714 3327 2837 3376 Par-

546 3403 707 3454 οεηεί,
757 3413 898 3462 quem
950 3399 1198 3447 Gosuinus
1242 3397 1414 3444 Rivius
1459 3395 1681 3456 Popmcze
1728 3392 2095 3454 εηόρειίἰίαυίε,
2152 3393 2222 3440 ad
2264 3407 2423 3455 mar-9.
2474 3399 2685 3454 scripta
2730 3403 2837 3444 sunt

547 3468 596 3512 in
633 3463 689 3528 εἳ
728 3464 852 3526 (om.
891 3465 1036 3528 suis)
1076 3472 1125 3513 et
1161 3481 1198 3528 μ
1236 3464 1581 3526 nonnullisque
1632 3461 1809 3509 Cor-tii.
1860 3485 1925 3492 —-
1965 3458 2042 3507 12.
2082 3459 2163 3508 ita
2200 3474 2260 3508 se
2299 3457 2525 3522 illisque
2552 3459 2837 3524 'r(ma.11)

441 3549 444 3552 ⁴
545 3529 726 3596 Fp³g⁵.
798 3534 986 3596 itaque
1037 3547 1204 3596 seque
1251 3528 1344 3594 g²l.
1431 3545 1618 3593 seque-
1651 3527 1761 3575 illis
1810 3526 2034 3590 dignum
2082 3525 2155 3590 g7.
2230 3527 2313 3574 ita
2350 3527 2433 3574 uti
2470 3527 2573 3575 sed
2612 3529 2837 3594 dignum

551 3614 670 3648 esse
709 3600 782 3664 εὖ.
867 3600 1091 3662 dignum
1127 3599 1246 3648 fore
1285 3594 1468 3660 p¹g²s¹.

719 3667 797 3718 13.
837 3684 902 3717 eo
939 3669 1224 3730 magisque
1263 3664 1405 3728 quod
1440 3664 1502 3712 F.
1594 3663 1767 3712 Roma
1802 3660 1943 3710 Em².
2027 3665 2224 3725 parent
2258 3662 2381 3710 MP.
2425 3687 2487 3695 —
2544 3661 2626 3711 14.
2670 3666 2835 3730 obpu-

546 3737 809 3796 gnatione
845 3729 1629 3797 PP¹P³MM¹M²p³p⁶gg³ss¹rw
1725 3730 1810 3778 his
1846 3726 2017 3793 Pp¹s¹.
2088 3728 2174 3791 his
2210 3745 2268 3792 μ.
2330 3728 2441 3778 hiis
2469 3729 2613 3794 g⁵g⁶.
2676 3731 2747 3794 llis
2768 3731 2832 3797 1³⁸.

547 3802 785 3855 clemens
824 3803 956 3866 (sup.
995 3817 1102 3850 non
1139 3799 1361 3862 nimius)
1400 3796 1482 3848 ΡΙ.
1555 3812 1735 3847 rumor
1770 3812 1879 3845 non
1904 3797 2103 3859 ηἰῐηίιζξ
2142 3796 2383 3845 clemens
2423 3795 2488 3844 G.
2551 3814 2695 3848 rum.
2736 3817 2835 3849 non

545 3871 722 3923 minus
761 3872 1001 3922 clemens
1039 3867 1105 3918 8².
1178 3869 1399 3917 demens
1437 3865 1502 3915 1³3
1542 3866 1635 3927 (σω
1659 3880 1802 3914 conr.
1826 3870 1881 3912 ut
1904 3864 2029 3926 vid.)
2057 3863 2258 3927 g⁸g⁷6y.
2331 3863 2459 3927 Sup.
2502 3865 2755 3918 clemens
2790 3871 2835 3917 in

544 3935 624 3985 M²
659 3940 853 3990 xmbrf.
894 3965 958 3972 ——
1001 3937 1080 3986 15.
1119 3937 1335 3985 ratione
1372 3933 1544 3984 BM2s.
1618 3932 1830 3981 racioni
1868 3932 1903 3980 1.
1998 3947 2099 3980 nec
2126 3931 2303 3979 maius
2344 3930 2409 3979 G.
2471 3932 2701 3997 sibique
2727 3953 2833 3984 ma-

542 4000 629 4054 ius
665 4025 714 4072 p.
790 4007 900 4056 sibi
936 4023 1029 4055 om.
1069 4003 1134 4054 8¹.
1208 4019 1383 4067 neque
1421 4002 1599 4050 maius
1636 4000 1745 4048 sibi
1783 3997 2076 4062 quicquam
2112 4011 2158 4046 σ.
2232 3999 2531 4061 quicquam
2578 4017 2709 4051 esse
2746 4019 2831 4052 ne—

545 4083 646 4129 que
687 4077 872 4126 carius
909 4079 1055 4122 auct.
1093 4089 1209 4122 sen.
1252 4074 1428 4120 Comm.
1466 4074 1686 4118 testante
1728 4065 1995 4116 Gruter-0!
2048 4065 2156 4114 sibi
2206 4066 2387 4129 quicq.
2434 4068 2620 4117 maius
2660 4085 2833 4134 neque

541 4141 724 4195 <parius
763 4158 886 4192 esse
925 4147 1069 4190 auct.
1108 4156 1224 4189 sen.
1263 4139 1337 4203 gss.
1399 4153 1576 4200 neque
1614 4135 1793 4183 maius
1829 4148 2007 4197 neque
2046 4132 2227 4181 carius
2266 4133 2564 4197 quicquam
2605 4135 2686 4200 g5.
2750 4155 2831 4187 ca-

537 4200 653 4255 ¹'ius
691 4211 799 4260 sibi
827 4214 973 4258 auct.
1001 4207 1066 4257 εί.
1127 4222 1304 4271 neque
1342 4206 1519 4256 maius
1558 4203 1664 4252 sibi
1703 4200 1886 4265 quidq.
1923 4215 2097 4264 neque
2140 4199 2321 4248 carius
2361 4215 2487 4249 esse
2527 4209 2683 4252 auct.
2722 4221 2829 4255 sen.

537 4260 590 4311 h·
631 4298 694 4310 ἣ
738 4277 816 4327 16.
857 4275 1039 4324 carius
1078 4290 1201 4324 esse
1239 4278 1447 4323 auctor.
1489 4287 1606 4322 sen.
1642 4265 2303 4332 MM¹M²TEFp¹mg⁷ow
2376 4274 2615 4319 senatus
2653 4271 2833 4321 PP¹P³

533 4325 2184 4406 P⁴MM¹M²GBTEFpp³p⁵p⁶mm¹m²gg²g⁸g⁴g⁵g⁶g⁷rhl⁶uyffih
2250 4335 2440 4384 senati
2473 4340 2572 4386 rel.
2650 4340 2829 4389 adule-
