3042 4917
900 343 1508 387 conmTATionuu
1553 343 1696 385 GAP.
1740 344 1802 385 v.
2375 324 2491 386 117

375 501 490 574 lug.
544 506 632 562 12,
672 507 705 560 3
750 498 1024 573 volgatum
1069 498 1174 554 fuit
1206 500 1294 555 uti
1336 491 1628 571 tamqu'am
1669 515 1835 554 suam
1872 501 2060 556 visens
2104 501 2332 556 domum
2377 503 2487 554 eat.

186 602 350 670 Quae
395 602 555 660 verba
593 609 855 659 contorta.
890 619 1027 664 esse,
1072 619 1195 657 cum
1227 617 1391 656 suam
1426 603 1654 658 domum
1699 601 1970 658 obiectum
1998 600 2272 674 participii
2303 602 2492 656 visens

188 709 273 760 sit
320 703 488 761 simul
532 711 586 760 et
627 705 693 762 ad
736 709 830 760 eat
872 703 1079 760 referri'
1110 702 1321 766 debeat,
1369 703 1526 760 facile
1566 702 1916 778 perspicitur.
2005 701 2118 770 Qua
2151 720 2211 758 re
2250 719 2362 759 non
2391 702 2489 759 du-

185 806 368 862 bitavi
410 807 669 882 recipere,
717 806 863 880 quod
898 805 1163 862 Gruterus
1206 805 1532 868 coniecerat,
1581 805 1836 880 quodque
1880 822 2011 863 casu
2044 804 2280 878 quodam
2325 804 2381 860 in
2409 797 2484 862 Μι

186 919 249 964 et
288 902 369 964 M²
416 909 680 983 seriptum
725 916 825 971 est,
870 923 979 964 sua
1019 908 1221 964 visens.

371 1027 487 1101 lug.
532 1033 621 1090 14,
670 1036 705 1090 3
748 1029 943 1085 vellem
980 1029 1177 1099 potius
1217 1057 1303 1068 -—
1334 1042 1505 1099 posse
1550 1041 1638 1082 me
1678 1055 1764 1066 --
1805 1030 2010 1097 petere
2053 1025 2158 1082 iam
2193 1024 2261 1082 ab
2298 1026 2485 1083 multis

184 1147 303 1198 me,
360 1147 484 1186 cum
530 1131 585 1186 in
644 1130 831 1187 multis
875 1130 1035 1186 bonis
1078 1129 1233 1186 libris
1268 1129 1528 1186 omissum
1571 1135 1742 1192 esset,
1791 1127 2024 1185 eiectum
2071 1137 2181 1192 est,
2231 1138 2318 1185 set
2375 1147 2483 1204 quo

183 1233 363 1288 modo
401 1233 604 1290 sactum
648 1239 821 1296 esset,
888 1240 951 1289 ut
1007 1233 1061 1288 in
1104 1240 1191 1288 tot
1237 1233 1503 1290 adiectum
1547 1231 1853 1304 legeretur,
1900 1247 2060 1287 nemo
2110 1231 2340 1304 aperuit.
2427 1232 2482 1286 ld

183 1335 461 1414 ostendit·
482 1328 584 1398 1³¹,
637 1351 761 1392 cum
808 1353 917 1409 quo
964 1335 1308 1392 scribendum
1355 1354 1475 1391 esse
1522 1349 1754 1407 possem
1794 1333 1880 1388 vix
1922 1341 2006 1389 est
2046 1327 2191 1407 quod
2233 1332 2484 1407 pluribus

180 1454 485 1510 exponam.
529 1468 603 1478 —
648 1436 829 1494 Eiusd.
865 1455 981 1511 cap.
1024 1442 1102 1500 17,
1140 1444 1363 1494 auctore
1402 1436 1667 1511 Bojeseno
1699 1437 1868 1511 praes.
1900 1437 1983 1494 ed.
2017 1436 2220 1510 prioris
2244 1452 2296 1511 p.
2329 1434 2486 1490 XVIII

180 1560 317 1598 cum
360 1541 669 1597 recentiore
710 1539 876 1615 primi
920 1539 1137 1613 generis
1181 1537 1382 1595 familia
1440 1557 1584 1597 nunc
1628 1539 1822 1615 scripsi
1867 1520 2200 1595 nationesne
2247 1544 2350 1593 aut
2389 1553 2482 1593 re-

176 1660 287 1718 yes
333 1662 441 1718 pro
485 1645 819 1700 nationesne
865 1659 940 1697 an
984 1657 1164 1715 reyes.
1242 1615 1394 1710 ’Quid
1436 1645 1579 1699 enim
1625 1642 1739 1716 agit
1776 1640 2045 1698 Adherbal
2096 1642 2202 1697 nisi
2257 1648 2320 1697 ut
2353 1659 2482 1696 nus-

182 1764 359 1820 quam
404 1744 508 1801 sibi
552 1743 811 1803 auxilium
855 1751 1042 1819 petere
1088 1743 1255 1802 licere
1292 1744 1399 1801 nisi
1441 1763 1471 1801 a
1507 1745 1716 1821 populo
1749 1762 1976 1802 romano
2011 1744 2296 1800 ostendat?
2368 1741 2481 1810 Qua

180 1867 243 1905 re
288 1849 361 1905 de
405 1848 495 1904 eis·
534 1855 744 1905 tantum
788 1846 923 1904 illud
965 1831 1225 1920 quaerere
1266 1855 1478 1922 potest,
1539 1848 1633 1921 qui
1675 1847 2040 1903 Romanorum
2093 1845 2325 1901 dicionis
2369 1862 2480 1901 non

179 1959 353 2015 sunt;
402 1951 453 2006 ei
495 1958 677 2008 autem
724 1951 779 2006 in
822 1968 991 2006 unum
1033 1949 1514 2023 conprehendundi
1561 1957 1704 2014 sunt,
1747 1958 1810 2006 ut
1845 1966 1945 2024 per
1984 1951 2086 2021 qui
2113 1963 2306 2004 omnes
2350 1965 2479 2003 con-

178 2055 515 2128 iunguntur.
600 2054 791 2110 Utrum
844 2052 909 2108 ad
966 2069 1125 2125 reges
1176 2069 1244 2107 an
1302 2051 1367 2108 ad
1414 2051 1618 2108 liberos
1675 2051 1912 2126 populos
1955 2051 2178 2107 adcedat
2215 2067 2478 2124 quaerere

176 2172 514 2231 pervorsum
558 2162 643 2212 est
681 2149 742 2229 ¹).
830 2153 889 2209 In
933 2158 1036 2209 aut
1063 2154 1166 2209 hoc
1196 2152 1367 2210 inest:
1410 2153 1548 2209 Num
1582 2153 1846 2227 adpellem
1877 2154 1970 2226 qui
2008 2152 2236 2209 dicionis
2266 2159 2477 2208 vestrae

180 2277 299 2314 non
348 2265 494 2320 sunt,
544 2257 636 2332 qui
680 2265 774 2313 aut
812 2255 971 2312 liberi
1018 2263 1146 2312 sunt
1198 2263 1293 2311 aut
1344 2256 1499 2328 regio
1561 2256 1772 2330 inperio
1831 2256 2096 2311 utuntur?
2156 2285 2230 2294 —
2293 2252 2474 2309 Eiusd.

178 2378 301 2435 cap.
342 2360 398 2432 S.
446 2366 516 2420 23
560 2359 653 2434 qui
695 2357 1001 2433 anaphorae
1042 2357 1149 2413 vim
1190 2363 1353 2431 atque
1392 2373 1550 2413 usum
1593 2358 1822 2421 noverit,
1865 2357 2107 2414 Vaticani
2152 2357 2475 2431 scripturam

175 2469 267 2518 set
328 2465 513 2519 omnis
560 2462 671 2518 has
720 2479 839 2518 cum
894 2460 1130 2517 Linkero
1186 2459 1421 2534 probare
1479 2477 1589 2516 non
1637 2459 1930 2525 dubitabit,
1985 2459 2309 2534 praesertim
2353 2477 2476 2516 cum

176 2563 445 2621 librarios
488 2564 541 2620 id
585 2565 639 2620 in
678 2570 733 2620 et
776 2571 1014 2620 mutasse
1058 2580 1167 2619 non
1206 2563 1401 2619 mirum
1444 2563 1534 2619 sit.

359 2683 429 2739 Ut
470 2683 582 2757 lug.
618 2691 723 2747 ·18‚
769 2690 802 2741 2
840 2683 1137 2757 reciperem
1194 2699 1340 2755 quas
1380 2699 1503 2738 nox
1545 2685 1815 2756 coiiqerat
1861 2701 1965 2760 pro
2012 2701 2109 2746 eo,
2169 2683 2315 2757 quod
2359 2690 2474 2738 stu-

176 2787 339 2842 diose
385 2784 516 2841 olim
560 2786 776 2843 defendi
821 2803 939 2857 qua
985 2802 1106 2842 nox
1149 2788 1447 2856 οοέρενατ,
1503 2803 1614 2841 non
1664 2792 1782 2841 tam
1818 2785 2132 2860 Hieronymi
2174 2792 2230 2841 et
2269 2784 2470 2858 Sulpici

178 2887 373 2943 Severi
432 2888 763 2944 testimoniis
820 2897 1109 2946 conmotus
1170 2905 1290 2944 sum
1348 2919 1421 2928 —
1482 2905 1606 2943 nam
1681 2887 1790 2943 illis
1847 2887 2124 2963 obponere
2179 2905 2472 2961 possumus

175 2990 375 3064 Pomp.
406 2989 527 3046 Mel.
573 2990 595 3047 I
638 2997 687 3054 8,
718 2999 753 3052 3
782 3021 876 3054 -,
925 3008 1085 3064 quam
1126 2997 1479 3065 optumorum
1510 2989 1780 3046 librorum
1821 3007 2110 3046 consensu.
2197 2987 2262 3044 Et
2307 3004 2470 3061 quas,

178 3094 333 3166 quod
377 3092 653 3150 difficilius
695 3102 806 3156 est,
853 3093 1011 3151 facile
1059 3094 1114 3150 in
1161 3111 1276 3166 qua
1323 3101 1417 3150 aut
1462 3109 1652 3148 errore
1698 3099 1790 3147 aut
1833 3091 2086 3148 consulto
2131 3091 2330 3147 mutari
2374 3107 2472 3164 po-

176 3195 358 3251 tuisse
401 3195 459 3250 in
494 3194 790 3270 propatulo
836 3203 937 3252 est.
998 3227 1071 3236 —
1128 3195 1309 3253 Eiusd.
1367 3213 1483 3270 cap.
1545 3200 1582 3254 6
1633 3200 1981 3268 optumorum
2026 3192 2293 3248 librorum
2338 3192 2472 3248 scri-

174 3306 403 3372 pturam
456 3313 618 3353 mare
673 3315 941 3370 maynum
1001 3305 1056 3354 et
1106 3301 1318 3372 iqnara
1374 3299 1573 3369 Iinyua
1616 3299 1938 3352 conmercia
1974 3294 2358 3369 prohibebant
2404 3311 2470 3350 eo

174 3399 461 3456 lubentius
494 3399 770 3474 amplexus
810 3418 945 3462 sum,
995 3401 1142 3480 quod
1184 3393 1312 3474 quid
1353 3400 1564 3462 Persas,
1601 3399 1695 3473 qui
1732 3398 2044 3456 aedificandi
2085 3398 2310 3455 materia
2347 3415 2472 3472 ege-

174 3508 333 3564 rent,
396 3519 505 3574 quo
552 3501 729 3557 minus
774 3519 896 3558 cum
937 3502 1187 3576 Hispanis
1230 3502 1537 3559 conmercia
1583 3501 1935 3558 instituerent
1982 3500 2328 3576 prohibuerit
2393 3501 2472 3557 di-

176 3605 411 3659 cendum
450 3604 637 3678 potius
678 3621 799 3659 esse
846 3603 1086 3678 adparet,
1136 3621 1296 3677 quam
1341 3605 1470 3678 quid
1511 3605 1782 3678 Hispanos
1843 3611 1898 3660 ct
1939 3604 2134 3660 Persas
2188 3603 2256 3659 ab
2297 3601 2474 3659 mutui

175 3704 455 3761 conmerci
500 3705 895 3762 consuetudine
939 3704 1230 3762 excluserit
1261 3699 1325 3779 2).
1417 3706 1510 3763 Set
1553 3724 1664 3762 non
1707 3706 1866 3781 potui
1909 3706 2144 3762 Linkero
2189 3705 2468 3767 adsentiri,

246 3887 306 3952 1)
347 3886 569 3937 Peerlk.
610 3887 681 3936 ad
714 3883 885 3954 Verg.
911 3887 1049 3938 Aen.
1078 3889 1155 3939 IV
1180 3889 1243 3938 T.
1270 3889 1300 3939 I
1419 3889 1471 3954 2)
1500 3888 1786 3939 Similibus
1813 3888 2026 3938 caussis
2054 3888 2322 3937 adductus
2346 3887 2466 3950 Iug.

174 3989 225 4036 p.
275 3971 381 4022 276
428 3974 831 4023 coniecturam:
891 3977 1187 4024 nationesne
1233 3991 1299 4024 an
1351 3973 1435 4038 67,
1481 3974 1505 4023 l
1547 3990 1614 4025 ex
1650 3972 1768 4022 solo
1802 3974 1846 4022 P
1894 3974 2094 4037 scripsi
2129 3978 2313 4035 portae
2350 3978 2469 4020 ante

173 4060 362 4122 reyes?
438 4056 595 4118 Quine
630 4073 801 4107 omnes
834 4085 898 4092 —
936 4059 1116 4121 infesti
1146 4061 1300 4108 sunt?
1350 4063 1555 4109 clausae
1585 4059 1714 4122 fuya
1732 4057 2086 4121 prohibebant,
2127 4071 2248 4106 cum
2283 4058 2468 4122 aptius

176 4158 591 4193 conmemorare
629 4144 770 4192 satis
794 4142 995 4192 habeo.
1056 4144 1142 4194 An
1171 4159 1299 4194 con·
1350 4143 1652 4205 videretur,
1690 4144 1967 4192 Romanos
1992 4141 2198 4190 milites
2223 4157 2322 4208 per
2345 4156 2468 4205 por-

90 4229 99 4238 ’
175 4231 289 4276 stat
347 4227 609 4292 usurpari
666 4228 763 4277 ubi
829 4227 1299 4278 inlustrandorum
1350 4233 1438 4278 tas
1468 4227 1690 4278 clausas
1733 4227 1998 4294 fugiendo
2044 4225 2294 4277 exclusos
2338 4226 2469 4277 fuis-

176 4327 625 4377 praegressorum
664 4328 864 4362 caussa
889 4329 1034 4364 nova
1060 4315 1294 4363 interro·
1351 4329 1428 4364 se.

176 4399 329 4462 gatio
368 4397 667 4448 adiciatur.
