3042 4917
526 292 606 365 34

1193 317 1797 367 coNMnN‘rA'moNuM
1844 316 1986 363 OAP.
2032 315 2130 361 111.

641 478 742 533 sibi
785 470 1042 556 ducebat,
1097 478 1152 532 in
1191 478 1387 551 quibus
1435 479 1698 551 scriptum
1744 483 1889 539 erat,
1949 460 2129 530 Caium
2174 468 2184 551 Ι
2226 472 2479 529 Manlium
2509 456 2671 529 ⁵arma
2720 489 2809 529 ce·

637 580 786 654 pisse
830 596 952 635 cum
997 596 1189 651 magna
1236 571 1246 656 Ι
1291 578 1640 636 multitudine
1681 588 1806 634 ante
1836 579 1975 634 diem
2006 576 2071 630 VI
2098 574 2364 631 Kalendas
2406 567 2414 653 Ι
2457 574 2813 659 Novembreffi

638 680 823 743 Simul,
873 681 924 735 id
953 680 1098 754 quod
1141 681 1196 735 in
1229 680 1324 735 tali
1350 672 1616 759 relsolet,
1662 680 1753 736 alii
1778 686 2035 753 portenta
2074 686 2237 751 atque
2279 677 2531 752 prodigia
2574 670 2808 755 nunltia-

633 782 782 845 hant,
829 782 919 838 alii
965 790 1265 838 conventus
1313 782 1460 845 fieri,
1521 799 1667 838 arma
1712 773 1968 858 porltari,
2027 780 2237 855 Capuae
2289 786 2451 852 atque
2503 779 2558 833 in
2611 770 2809 852 Apulia

637 884 832 942 servile
881 877 889 959 Ι
934 882 1136 939 bellum
1185 885 1406 941 moveri.
1494 884 1672 958 Igitur
1706 892 1927 940 senatus
1983 882 2203 938 decretd
2246 873 2255 959 Ι
2302 880 2535 948 Quintus
2576 880 2807 936 Marcius

1494 1017 1504 1028 .
1534 989 1573 1027 2.

639 1061 748 1117 Rex
791 1060 1062 1123 Faesulas,
1119 1060 1350 1128 Quintus
1398 1054 1426 1140 ΙΙ
1461 1002 1718 1119 llletellus
1761 1061 2003 1116 Creticus
2059 1060 2114 1114 in
2155 1058 2404 1133 Apuliam
2452 1050 2807 1134 circum-{que

641 1181 704 1219 ea
746 1161 864 1219 loca
908 1163 1090 1225 missi,
1151 1162 1205 1217 hi
1252 1163 1474 1237 utrique
1532 1164 1595 1219 ad
1652 1158 1858 1242 urffbem
1916 1162 2273 1235 imperatores
2318 1167 2501 1221 erant,
2563 1158 2808 1232 impediti

581 1280 586 1291 ·
638 1255 763 1341 ne}
815 1264 1211 1339 triumpharent
1255 1264 1522 1321 calumnia
1566 1280 1891 1338 paucorum,
1938 1254 2151 1341 quilbus
2198 1262 2404 1323 omnia,
2454 1260 2687 1315 honesta
2727 1266 2809 1314 at-

642 1383 746 1440 que
779 1366 1083 1427 inhonesta,
1123 1358 1132 1443 Ι
1165 1364 1398 1422 vendere
1442 1384 1562 1421 mos
1607 1373 1740 1428 erat,
1777 1366 1869 1421 sed
1911 1372 2193 1440 praetores
2237 1356 2485 1441 Quinltus
2514 1361 2807 1435 Pompeius

643 1468 815 1523 Rufus
852 1467 1103 1541 Capuam,
1141 1466 1373 1533 Quintus
1412 1462 1421 1545 Ι
1458 1465 1707 1548 Metellus
1772 1465 1924 1522 Celer
1968 1466 2024 1521 in
2061 1483 2252 1539 agrum
2281 1465 2551 1525 Picenum,
2593 1456 2807 1541 hislque

638 1568 966 1642 permissum
997 1568 1078 1623 uti
1122 1585 1224 1642 pro
1259 1575 1500 1642 tempore
1536 1575 1699 1642 atque
1750 1558 1757 1643 Ι
1802 1566 2050 1653 periculo
2080 1566 2373 1622 exercitum
2406 1573 2805 1641 compararent.

637 1670 717 1725 Ad
757 1666 764 1747 Ι
805 1670 910 1726 hoc
947 1671 994 1725 si
1028 1670 1150 1744 quis
1187 1668 1530 1727 indicavisset
1566 1670 1632 1727 de
1662 1660 2073 1747 coniuratilone,
2121 1685 2258 1742 quae
2288 1675 2479 1725 contra
2512 1665 2809 1741 rempubli-

875 1754 884 1763 ’
1854 1752 1877 1769 ’
2276 1778 2356 1819 fol.
2384 1777 2445 1817 ιν
2474 1792 2517 1832 ρ.
2549 1782 2588 1821 1.

638 1872 753 1911 cam
799 1854 940 1911 facta
984 1846 992 1930 Ι
1031 1860 1164 1915 erat,
1209 1852 1510 1925 praemium
1542 1870 1698 1910 servo
1742 1852 2050 1909 libertatem
2101 1861 2156 1909 et
2202 1846 2227 1932 ΙΙ
2276 1854 2529 1909 sestertia
2569 1860 2806 1917 centum,

643 1956 815 2012 libero
873 1954 1246 2030 impunitatem
1292 1948 1300 2032 Ι
1351 1954 1467 2010 eius
1525 1955 1605 2010 rei
1662 1962 1718 2011 et
1763 1956 2014 2011 sestertia
2068 1955 2325 2017 ducenta,
2373 1956 2609 2029 itemque
2658 1949 2666 2031 Ι
2714 1956 2808 2011 de-

639 2074 885 2120 crevere,
943 2056 1024 2112 uti
1067 2054 1424 2129 gladiatoriae
1471 2055 1703 2113 familiae
1750 2049 1759 2135 Ι
1806 2055 2039 2130 Capuam
2089 2064 2145 2111 et
2188 2056 2244 2111 in
2287 2065 2468 2112 cetera
2514 2056 2807 2129 municipia

637 2153 1116 2237 disltribuerentur
1158 2174 1260 2230 pro
1299 2157 1563 2231 cuiusque
1610 2158 1835 2231 opibus,
1892 2150 2109 2234 Rolmac
2147 2175 2248 2231 per
2283 2165 2453 2213 totam
2500 2158 2689 2214 urbem
2732 2158 2808 2241 vi-

639 2261 801 2335 giliae
840 2253 1204 2337 habelrentun
1247 2258 1424 2331 iisque
1470 2259 1711 2316 minores
1744 2259 2094 2330 magistratus
2135 2253 2143 2337 Ι
2183 2266 2516 2332 praeessent.
2600 2258 2807 2326 Quibus

639 2362 801 2418 rebus
838 2366 1086 2435 permota
1123 2353 1327 2438 cilvitas
1367 2367 1534 2433 atque
1564 2361 1842 2421 immutata
1886 2360 2037 2415 urbis
2080 2358 2243 2417 facies
2277 2352 2287 2439 Ι
2327 2367 2460 2422 erat,
2505 2377 2569 2414 ex
2599 2376 2807 2415 summa

635 2462 842 2518 laetitia
897 2469 1060 2535 atque
1116 2454 1380 2538 lasflcivia,
1452 2478 1590 2535 quae
1642 2456 1921 2516 diuturna
1952 2462 2106 2534 quies
2159 2469 2476 2535 pepererat,
2518 2453 2527 2540 Ι
2578 2471 2807 2535 repente

642 2581 828 2621 omnes
885 2560 1109 2617 tristitia
1169 2562 1392 2618 invasit:
1441 2555 1749 2641 fesltinare,
1806 2562 2107 2635 trepidare,
2164 2578 2341 2636 neque
2384 2561 2507 2619 loco
2550 2580 2732 2637 neque
2780 2558 2805 2643 ΙΙ

642 2677 687 2717 p.
717 2665 756 2705 2.

641 2736 846 2792 homini
890 2736 1141 2810 cuiquam
1183 2738 1316 2793 satis
1357 2738 1609 2801 credere;
1648 2754 1825 2811 neque
1864 2733 1871 2818 Ι
1919 2737 2119 2794 bellum
2155 2756 2365 2812 gerere,
2400 2756 2579 2814 neque
2617 2758 2803 2815 pacem

639 2837 856 2901 habere,
903 2856 1002 2895 suo
1051 2839 1281 2912 quisque
1326 2846 1475 2894 metu
1516 2839 1759 2913 pericula
1806 2840 2002 2897 metiri.
2082 2840 2160 2896 Ad
2193 2831 2349 2918 {hoc
2378 2840 2652 2903 mulieres,
2690 2844 2807 2915 qui-

639 2939 740 2997 bus
785 2939 862 2995 rei
907 2938 1155 3013 publicae
1199 2932 1587 3017 maglnitudine
1632 2940 1764 2996 belli
1818 2942 1982 2997 timor
2026 2940 2281 2997 insolitus
2326 2935 2669 3021 incesselrat,
2717 2945 2807 3001 ad-

636 3042 844 3099 flictare
889 3058 1024 3104 sese,
1072 3058 1263 3097 manus
1307 3043 1583 3116 supplices
1632 3044 1698 3099 ad
1729 3037 1737 3121 Ι
1769 3043 1983 3100 coelum
2028 3043 2269 3106 tendere,
2314 3044 2561 3100 miserari
2606 3064 2803 3119 parvos

636 3136 891 3223 libclros;
948 3144 1221 3216 rogitare,
1269 3145 1448 3200 omnia
1493 3161 1716 3219 pavere,
1764 3144 2019 3219 superbia
2068 3137 2076 3223 Ι
2123 3153 2287 3218 atque
2332 3144 2540 3201 deliciis
2588 3148 2805 3204 omissis

636 3246 739 3303 sibi
793 3245 1110 3319 patriaeque
1156 3237 1165 3323 Ι
1212 3244 1473 3301 diffidere.
1579 3247 1647 3300 At
1703 3245 1963 3310 Catilinae
2014 3244 2247 3302 crudelis
2298 3247 2507 3302 animus
2561 3240 2569 3325 Ι
2619 3250 2806 3305 cadem

638 3332 731 3403 illa
773 3347 1054 3409 movebat,
1111 3346 1326 3401 tametsi
1381 3340 1669 3425 praelsidia
1724 3348 2077 3421 parabantur·
2112 3356 2168 3404 et
2212 3348 2327 3421 ipse
2378 3348 2498 3420 lege
2542 3348 2753 3406 Plautia
2794 3346 2801 3428 Ι

1918 3456 2002 3499 roi.
2037 3456 2072 3495 v
2102 3470 2145 3510 p.
2176 3457 2214 3496 1.
2723 3436 2741 3459 ’

638 3530 1010 3605 interrogatus
1067 3537 1185 3585 erat
1244 3528 1310 3584 ab
1354 3528 1520 3584 Lucio
1565 3529 1771 3586 Paullo.
1824 3524 1848 3610 ΙΙ
1891 3532 2175 3588 Postremo
2224 3531 2314 3587 ubi
2358 3531 2529 3587 multa
2573 3532 2805 3606 agitanti

639 3630 773 3688 nihil
814 3624 822 3708 Ι
874 3630 1148 3704 procedit,
1205 3647 1396 3686 rursus
1447 3629 1772 3705 intempesta
1812 3640 1971 3689 nocte
2022 3626 2031 3711 Ι
2080 3633 2475 3690 coniurationis
2528 3634 2805 3709 principes

642 3741 904 3789 convocat
939 3726 1125 3813 pelnes
1161 3732 1395 3789 Marcum
1439 3731 1694 3799 Porcium
1735 3735 1984 3797 Leccam,
2029 3727 2230 3813 ibilque
2275 3734 2445 3791 multa
2480 3736 2548 3791 de
2594 3736 2805 3809 ignavia

637 3850 826 3891 eorum
872 3827 1116 3913 quesitus
1167 3834 1327 3891 docet
1383 3852 1442 3890 se
1493 3834 1747 3893 Manlium
1792 3836 2141 3911 praemisisse
2179 3828 2190 3914 Ι
2230 3837 2295 3893 ad
2340 3816 2457 3893 eam
2501 3836 2807 3895 multitudi-

633 3954 786 3999 nem,
845 3952 1005 4009 quam
1049 3937 1114 3992 ad
1155 3928 1438 4015 calpiunda
1481 3955 1629 3993 arma
1667 3946 1977 4012 paraverat,
2033 3939 2163 3994 item
2207 3937 2345 3994 alios
2384 3934 2393 4016 Ι
2435 3939 2489 3995 in
2534 3938 2638 3995 alia
2686 3938 2805 3995 loca

635 4046 906 4114 oportuna
953 4035 1046 4112 qu‘i
1088 4032 1318 4118 initilum
1364 4037 1492 4094 belli
1530 4039 1798 4101 facerent,
1853 4030 2020 4114 seque
2068 4040 2134 4095 ad
2178 4032 2488 4118 exerlcitum
2532 4039 2805 4114 proficisci

635 4157 852 4213 cupere,
900 4140 946 4196 si
989 4140 1141 4214 prius
1181 4133 1190 4218 Ι
1229 4139 1541 4197 Ciceronem
1586 4142 1976 4215 oppressisset:
2022 4159 2144 4197 eum
2180 4140 2293 4197 suis
2332 4134 2342 4221 Ι
2380 4140 2625 4198 consiliis
2668 4141 2805 4197 mul-

785 4294 792 4301 ·
1425 4254 1470 4293 p.
1493 4244 1535 4283 2.
2356 4300 2365 4303 -

637 4323 752 4371 tum
811 4313 1046 4371 officere.
1132 4315 1304 4389 Igitur
1348 4307 1378 4393 ΙΙ
1421 4316 1732 4402 perterritis
1784 4333 1845 4372 ac
1902 4316 2278 4375 dubitantibus
2330 4317 2529 4373 ceteris
2580 4314 2589 4390 Ι
2644 4316 2801 4375 Caius
