3042 4917
539 307 557 366 ¹
582 306 655 368 18
1228 321 1835 366 conmnnmmontm
1883 321 2026 364 cAP.
2070 323 2127 364 v.

535 481 629 554 qui
672 479 812 535 infra
854 485 891 539 8
926 496 1054 535 sane
1090 495 1156 537 ex
1199 480 1449 554 optumis!
1470 478 1624 534 libris
1677 484 1822 536 tecto
1867 478 2090 552 recepit.
2179 477 2308 534 Nam
2355 478 2831 536 constructionem

537 591 643 638 tam
686 581 875 638 duram
920 599 982 638 ac
1010 589 1321 638 contortam
1355 579 1614 637 Sallustio
1665 581 1911 637 tribuere
1941 597 2151 644 vereor,
2183 581 2520 654 praesertim
2549 581 2676 638 cilm
2706 580 2832 656 plu-

534 683 663 740 ralis
708 685 893 758 potius
930 685 1091 740 tectis
1126 691 1447 758 expectetur
1482 691 1539 739 et
1580 702 1616 739 a
1660 682 1794 738 illud
1839 689 2088 756 apertum
2128 682 2334 738 erroris
2379 699 2624 739 caussam
2671 702 2834 758 prae-

534 787 665 843 bere
706 787 979 861 potuerit,
1026 786 1171 860 quod
1213 793 1274 842 ut
1321 786 1525 843 factum
1566 804 1686 842 esse
1729 784 2068 859 suspicemur
2107 785 2338 846 faciunt,
2385 802 2520 858 quae
2566 785 2622 840 in
2657 778 2724 840 P¹
2777 792 2835 841 et

533 890 573 946 B
603 907 767 962 supra
806 888 1009 961 scripta
1041 895 1187 944 sunt.
1275 888 1526 944 Ceterum
1565 905 1666 963 per
1695 905 1754 944 se
1781 887 2007 961 adparet
2040 887 2086 942 si
2132 885 2432 942 aedificium
2475 887 2712 944 incurvis
2756 887 2835 943 la-

534 991 743 1049 teribus
786 996 991 1046 tectum
1037 990 1143 1053 sit,
1200 991 1377 1065 ipsum
1428 997 1632 1046 tectum
1689 990 2027 1046 incurvatum
2079 1006 2217 1044 esse.
2316 987 2484 1044 Paulo
2538 997 2670 1064 post
2719 1007 2834 1045 non

539 1093 710 1155 video,
754 1109 855 1148 cur
890 1092 1036 1165 quod
1082 1099 1431 1166 optumorum
1470 1092 1584 1149 fere
1633 1093 1874 1148 omnium
1909 1090 2156 1146 codicum
2206 1091 2519 1147 testimonio
2556 1092 2832 1148 munitum

538 1201 625 1252 est
666 1194 853 1250 Medis
892 1201 1081 1250 autem
1124 1200 1181 1251 et
1209 1195 1499 1251 Armeniis
1537 1197 1840 1250 adcessere
1872 1193 2079 1249 Libues
2107 1193 2424 1248 mutandum
2470 1193 2542 1248 sit
2586 1193 2642 1248 in
2665 1194 2838 1275 'Medi

540 1327 617 1337 -—-
664 1303 721 1353 et
762 1297 1036 1353 Armenii.
1124 1297 1207 1352 An
1249 1297 1374 1370 quia
1416 1296 1616 1353 Libuos
1662 1297 1718 1353 in
1765 1295 1947 1352 Africa
1995 1295 2102 1351 iam
2144 1295 2300 1350 sedes
2341 1293 2644 1356 habebant,
2693 1295 2834 1353 Medi

540 1406 596 1456 et
633 1399 873 1456 Armenii
918 1406 1101 1457 autem
1158 1398 1551 1472 inmigravere?
1640 1397 1836 1464 Quidni
1887 1397 2097 1470 antiqui
2152 1396 2362 1453 incolae
2419 1399 2576 1453 novis
2633 1416 2695 1454 se
2742 1399 2835 1455 ad-

538 1502 795 1575 iungere,
851 1518 975 1558 cum
1020 1500 1097 1556 eis
1144 1500 1462 1557 societatem
1517 1499 1710 1556 iniisse
1755 1499 1858 1556 dici
1897 1500 2165 1572 possunt?
2253 1499 2360 1554 Cfr.
2406 1498 2595 1556 Horat.
2631 1501 2744 1556 Sat.
2792 1500 2835 1555 11

538 1613 590 1668 5.
633 1609 701 1666 75
743 1605 855 1660 illis
898 1604 1145 1660 accedas
1186 1605 1394 1661 sociae.
1625 1591 1630 1597 ’
1783 1591 1796 1604 ’
2243 1607 2247 1612 ’

710 1705 825 1778 lug.
870 1711 954 1767 24,
988 1712 1023 1766 3
1063 1722 1161 1760 cur
1190 1705 1458 1761 Liukerus
1493 1704 1824 1766 Vaticanum,
1869 1720 2028 1776 quem
2074 1704 2193 1759 iure
2234 1701 2543 1776 meritoque
2588 1701 2835 1776 plurumi

542 1808 688 1871 fecit,
729 1809 886 1882 sequi
925 1806 1181 1868 noluerit,
1228 1823 1400 1881 paene
1446 1806 1634 1862 miror.
1722 1804 1852 1860 Nam
1907 1807 2162 1860 incertus
2203 1820 2326 1860 esse
2385 1803 2430 1859 is
2482 1804 2686 1861 dicitur
2739 1807 2833 1878 qui

542 1909 738 1967 consili
777 1909 937 1984 inops
980 1916 1066 1965 est
1104 1908 1239 1982 (lug.
1282 1915 1365 1972 14,
1409 1915 1494 1970 23.
1542 1915 1635 1971 67,
1680 1916 1725 1968 1.
1777 1912 1872 1970 74,
1919 1915 1966 1966 1.
2013 1915 2134 1970 101,
2181 1906 2264 1979 2),
2323 1907 2377 1962 id
2423 1906 2570 1980 quod
2615 1906 2683 1962 ab
2729 1908 2836 1964 hoc

542 2012 665 2070 loco
704 2030 935 2087 prorsus
979 2011 1231 2074 alienum,
1279 2019 1442 2085 atque
1484 2018 1549 2066 ut
1589 2027 1857 2085 ponamus
1899 2011 2183 2066 incertum
2243 2026 2366 2064 eum
2418 2007 2525 2064 dici
2562 2009 2836 2082 potuisse,

544 2115 640 2189 qui
672 2114 800 2190 quid
830 2113 1094 2170 iudicaret
1129 2113 1391 2175 nesciret,
1422 2119 1609 2168 utrum
1640 2113 1856 2185 gravius
1900 2111 2031 2167 dicit
2065 2109 2354 2173 Adherbal,
2395 2127 2452 2166 se
2484 2127 2596 2166 non
2632 2111 2837 2168 discer-

472 2193 476 2196 ’
543 2235 703 2281 nere,
760 2235 827 2272 an
875 2215 1144 2272 neminem
1186 2216 1494 2273 discernere
1540 2232 1720 2288 posse,
1771 2214 1920 2269 ferro
1965 2231 2034 2268 an
2075 2212 2214 2268 fame
2259 2212 2437 2269 acrius
2479 2216 2832 2286 urgueatur‘?

542 2320 650 2377 Neo
700 2318 1097 2392 neglegendum
1149 2324 1234 2374 est
1288 2317 1328 2372 P
1372 2317 1617 2390 margine
1678 2316 1921 2372 Vaticani
1970 2314 2130 2371 fidem
2179 2313 2506 2370 confirmari.
2599 2314 2754 2383 Quod
2791 2317 2836 2371 si

546 2421 668 2496 quis
713 2420 969 2481 miretur,
1026 2437 1135 2492 quo
1183 2419 1395 2475 tandem
1452 2419 1618 2475 modo
1670 2418 1786 2474 fieri
1841 2417 2087 2492 potuerit
2146 2423 2206 2472 ut
2261 2395 2369 2490 pro
2419 2419 2706 2472 incertum
2752 2424 2838 2473 est

545 2526 802 2579 incertus
844 2536 971 2575 sum
1008 2520 1357 2583 scriberetur,
1403 2526 1667 2594 conparet
1701 2520 1845 2576 inter
1889 2537 1947 2576 se
1995 2518 2132 2592 sigla
2173 2516 2370 2576 {certu‘
2419 2499 2497 2574 st—
2525 2526 2580 2574 et
2627 2523 2839 2577 {certu'

544 2624 626 2682 εὑ.
714 2621 824 2677 Nec
865 2622 1043 2678 minus
1089 2621 1231 2676 infra
1271 2629 1305 2683 9
1346 2624 1568 2693 scripsi
1606 2639 1670 2678 ex
1711 2639 1776 2678 eo
1815 2620 1872 2681 Q
1918 2620 2040 2677 solo
2085 2621 2298 2694 recepi,
2358 2637 2484 2705 cum
2529 2621 2838 2694 perfectum

545 2724 820 2781 constanti
864 2724 1230 2797 Romanorum
1278 2723 1335 2779 in
1386 2723 1639 2798 epistulis
1701 2723 2008 2780 scribundis
2063 2722 2448 2779 consuetudini
2499 2724 2834 2785 conveniret,

546 2845 645 2884 nec
680 2826 880 2882 mirum
925 2833 1070 2882 esset
1118 2824 1374 2882 librarios
1426 2844 1530 2902 pro
1590 2843 1655 2882 eo
1706 2826 1852 2900 quod
1894 2824 2264 2881 recentiorum
2313 2831 2624 2898 temporum
2669 2825 2838 2880 moris

544 2937 691 2985 esset
726 2927 1051 2985 restituisse.

715 3031 828 3103 lug.
870 3036 965 3093 25,
1010 3036 1045 3089 4
1090 3030 1236 3104 quod
1278 3047 1343 3085 ex
1390 3029 1629 3104 optumis
1670 3026 1827 3084 libris
1871 3034 2107 3085 senatus
2139 3029 2421 3100 princeps
2463 3045 2565 3102 pro
2609 3029 2835 3086 insolito

542 3137 603 3191 in
647 3140 853 3191 senatu
889 3135 1173 3205 princeps
1212 3133 1456 3194 restitui,
1514 3148 1676 3187 nemo
1731 3129 1824 3204 qui
1879 3130 2008 3213 quid
2066 3131 2120 3185 in
2174 3137 2327 3186 textu
2372 3132 2708 3188 recensendo
2756 3150 2837 3188 se-

546 3237 818 3311 quendum
863 3235 935 3292 sit
982 3243 1161 3290 teneat
1203 3232 1548 3308 vituperabit.
1638 3233 1870 3290 Facilius
1914 3241 2158 3308 paterer,
2204 3233 2249 3288 si
2294 3232 2414 3307 quis
2459 3250 2524 3288 ex
2565 3235 2836 3308 scriptura

542 3343 604 3395 in
646 3344 849 3394 senatu
892 3336 1207 3393 Sallustium
1252 3335 1538 3409 scripsisse
1584 3337 1644 3392 in
1687 3341 1894 3392 senatu
1933 3341 2146 3407 potens
2187 3342 2243 3391 et
2279 3335 2556 3408 princeps
2600 3343 2837 3392 senatus

546 3441 612 3497 ab
654 3438 827 3496 sciolo
874 3438 1178 3512 interprete
1224 3438 1491 3494 adiectum
1533 3455 1653 3493 esse
1695 3445 2020 3494 autumaret.
2081 3468 2154 3478 --
2204 3436 2335 3492 Cum
2381 3438 2528 3510 quod
2577 3437 2713 3494 olim
2757 3439 2836 3494 iu-

546 3543 862 3603 dicaveram,
904 3539 1025 3595 eod.
1058 3558 1175 3616 cap.
1208 3546 1237 3601 7
1271 3548 1455 3596 utrum
1492 3541 1835 3611 rapiebatur
1863 3548 1955 3596 aut
1994 3540 2261 3611 rapiebat
2296 3538 2643 3596 scribendum
2675 3549 2834 3604 esset,

546 3644 613 3700 ab
668 3643 935 3699 librorum
987 3643 1312 3700 auctoritate
1368 3642 1485 3698 sola
1538 3643 1804 3716 pendere,
1859 3643 1925 3698 ad
1969 3659 2086 3698 rem
2138 3640 2275 3696 nihil
2330 3641 2624 3704 interesse,
2677 3642 2835 3698 etiam

546 3765 689 3804 nunc
732 3753 997 3807 tenerem,
1045 3762 1155 3801 non
1199 3746 1356 3820 potui
1413 3761 1524 3800 non
1568 3751 1920 3818 optumorum
1969 3742 2236 3800 librorum
2287 3759 2486 3814 magno
2543 3744 2835 3800 consensui

544 3850 740 3907 cedens
786 3847 1057 3923 passivum
1092 3846 1449 3922 conprobare.

715 3950 831 4024 lug.
877 3957 962 4013 26,
999 3958 1033 4012 3
1068 3966 1394 4024 quamquam
1436 3947 1734 4022 Sellingius
1780 3947 1903 4004 lect.
1940 3967 1994 4022 p.
2025 3954 2096 4009 23
2139 3953 2402 4002 armatus
2435 3945 2836 4006 defendundum

547 4053 803 4129 suscepit,
855 4061 1033 4109 tamen
1070 4053 1312 4108 armatis
1353 4067 1418 4106 eo
1464 4050 1639 4124 magis
1685 4049 2097 4106 rescribundum
2143 4045 2252 4113 est,
2290 4049 2436 4124 quod
2481 4066 2603 4106 cum
2651 4049 2708 4106 in
2750 4052 2838 4107 de-

546 4157 753 4213 ditione
798 4172 945 4212 arma
989 4161 1283 4228 ponantur,
1329 4169 1487 4208 nemo
1534 4152 1641 4208 nisi
1685 4152 1908 4208 inermis
1949 4152 2202 4208 hostibus
2234 4151 2455 4208 armatis
2491 4150 2682 4209 obvius
2720 4170 2838 4210 esse
2925 4207 2940 4222 ,

546 4259 757 4334 potuit3
801 4275 959 4333 quem
1006 4263 1271 4313 armatum
1314 4254 1664 4316 invenissent,
1711 4253 1830 4310 iure
1875 4253 2184 4310 interficere
2232 4253 2444 4311 licebat.

714 4359 836 4416 Non
880 4365 1096 4414 constat
1135 4358 1203 4414 de
1247 4373 1491 4420 numero,
1541 4357 1634 4431 qui
1676 4356 1790 4430 lug.
1837 4363 1920 4420 31,
1964 4361 1999 4414 2
2042 4356 2108 4412 ab
2155 4354 2412 4412 Sallustio
2458 4355 2701 4431 scriptus
2749 4357 2836 4413 sit.
