3042 4917
461 274 542 344 20
1165 294 1771 345 connnnmrrionun
1818 287 1958 345 6111».
2008 296 2079 343 11.

461 461 570 517 t'ur,
613 455 809 529 quibus
867 456 1042 511 verbis
1085 456 1134 511 si
1166 455 1456 512 Sallustius
1495 456 1795 531 exprimere
1837 456 2129 514 voluisset:
2172 474 2294 513 cum
2336 456 2577 513 hostium
2618 456 2747 529 fuga
2814 438 2820 443 ¹

367 562 370 566 ’
461 563 624 619 esset,
672 557 866 613 merito
903 558 960 613 in
1000 558 1452 633 vituperationem
1496 559 1818 615 incurreret.
1898 559 2006 615 lam
2044 559 2197 615 locus
2233 537 2493 633 postulat,
2539 566 2601 615 ut
2642 559 2749 614 hoc

459 652 714 713 dicatur?
743 660 1014 717 Antonius
1058 661 1190 716 haut
1221 660 1414 734 procul
1452 660 1655 723 aberat,
1702 660 1755 715 id
1800 660 1946 734 quod
1975 678 2087 717 non
2126 657 2443 724 mirandum,
2490 661 2747 735 quoniam

461 767 517 815 et
561 777 784 833 magnas
829 756 1016 835 copias
1054 761 1287 819 habebat
1329 761 1412 834 (ut
1456 779 1672 835 semper
1710 769 1910 825 essent,
1955 763 2047 836 qui
2086 762 2363 837 praemitti
2399 762 2647 836 possent)
2692 769 2746 817 et

460 859 596 917 locis
641 862 990 936 aequioribus
1033 862 1316 938 expeditus
1371 864 1479 919 iter
1521 862 1779 926 faciebat,
1836 871 2028 920 contra
2075 864 2263 920 hostes
2325 866 2381 920 in
2442 863 2572 937 fuga
2616 865 2749 935 (per

460 966 666 1019 montis
707 966 972 1035 asperos)
1019 965 1244 1039 inpediti
1287 972 1458 1021 erant.
1548 965 1679 1022 Cum
1732 965 1903 1038 igitur
1943 965 2070 1021 libri
2116 968 2419 1037 eoepeditos
2459 964 2749 1021 exhibeant

461 1082 740 1156 pervorse,
777 1084 958 1123 nonne
1004 1068 1116 1124 veri
1171 1067 1346 1123 simile
1389 1068 1628 1131 videtur,
1684 1068 2032 1125 scribundum
2078 1070 2385 1139 expeditus
2427 1069 2749 1138 inpeditos?

463 1166 641 1240 qualia
673 1168 813 1242 apud
841 1168 1042 1225 latinos
1083 1170 1381 1244 scriptores
1409 1170 1867 1243 frequentissuma
1902 1188 2020 1226 esse
2048 1170 2133 1224 vix
2168 1177 2253 1225 est
2297 1169 2442 1242 quod
2481 1186 2771 1225 moneam..

633 1268 799 1337 Quam
838 1269 994 1327 facile
1037 1288 1101 1326 ex
1146 1271 1300 1327 libris
1342 1270 1547 1345 aliquid
1591 1271 1879 1334 exciderit,
1933 1272 2249 1327 testimonio
2302 1277 2387 1325 est
2432 1271 2594 1327 etiam
2632 1270 2746 1326 Cat.

461 1378 546 1433 60,
588 1377 618 1432 7
682 1372 776 1428 ubi
830 1390 1029 1429 nomen
1080 1372 1364 1435 Catilinae,
1419 1391 1530 1447 quo
1582 1374 1755 1429 careri
1810 1372 1963 1429 nullo
2021 1373 2182 1429 modo
2242 1380 2457 1445 potest,
2512 1390 2635 1428 cum
2690 1372 2746 1426 in

461 1472 756 1547 archetypo
793 1474 1053 1530 omissum
1085 1483 1248 1543 esset,
1291 1474 1344 1529 in
1383 1472 1502 1529 aliis
1548 1473 1702 1529 libris
1739 1473 1846 1530 alio
1900 1474 2021 1529 loco
2062 1473 2448 1547 interpositum
2482 1472 2581 1529 e'st.
2636 1473 2745 1528 Cl'r.

465 1572 686 1647 Selling.
734 1592 834 1631 em.
877 1593 934 1649 p.
979 1582 1064 1636 36.

631 1675 934 1732 Admodum
978 1685 1158 1733 autem
1197 1675 1549 1734 memorabile
1592 1684 1702 1739 est,
1748 1673 2055 1732 Diomedem
2096 1694 2149 1751 p.
2193 1682 2297 1737 325
2339 1676 2397 1731 P.
2442 1684 2496 1731 et
2540 1674 2745 1731 Charis,

462 1796 516 1851 p.
560 1785 660 1839 159
713 1778 832 1833 Keil
887 1779 1019 1835 haec
1074 1778 1234 1834 verba
1281 1776 1502 1833 Sallusti
1564 1778 1844 1851 proferre:
1917 1780 2025 1834 alis
2082 1780 2220 1835 alibi
2281 1785 2499 1834 stantes
2554 1793 2749 1833 omnes

463 1886 652 1935 tamen
697 1882 956 1937 adversis
1003 1881 1338 1937 vulneribus
1372 1880 1745 1935 conciderunt
1791 1872 1851 1951 ¹).
1941 1877 2182 1946 Quorum
2233 1898 2355 1936 cum
2400 1878 2588 1935 ultima
2632 1879 2746 1934 Cat.

462 1988 546 2043 61,
595 1989 630 2041 3
665 1982 934 2056 legantur,
983 1982 1353 2038 admirandum
1403 1988 1504 2044 est,
1544 1982 1691 2055 quod
1725 1981 1781 2035 in
1818 1980 1972 2035 libris
2007 1980 2446 2055 praecedentium
2485 1998 2553 2035 ne
2585 1980 2748 2035 vesti-

462 2082 613 2155 gium
658 2085 876 2158 quidem
921 2084 1212 2157 reperitur.
1293 2083 1430 2152 Quid
1478 2081 1686 2155 igitur?
1723 2100 1851 2138 num
1896 2084 2231 2155 grammatici
2278 2082 2359 2137 illi
2396 2100 2584 2139 errore
2632 2081 2747 2137 Sal-

461 2182 630 2255 lustio
681 2184 952 2249 tribuere,
1001 2203 1138 2260 quae
1183 2184 1322 2241 alius
1365 2185 1651 2258 scriptoris
1701 2186 1919 2240 essent?
2006 2184 2103 2239 Vix
2142 2184 2399 2240 credibile
2438 2192 2548 2247 est,
2606 2184 2749 2239 inter

461 2286 601 2342 duos
647 2288 945 2361 scriptores
1003 2288 1079 2342 ita
1119 2288 1456 2343 convenisse.
1533 2288 1613 2341 An
1662 2287 1809 2359 quod
1861 2286 1917 2341 in
1962 2285 2187 2342 Sallusti
2242 2286 2397 2342 libris
2448 2303 2513 2341 ex
2562 2284 2745 2359 glossa

461 2388 527 2444 ad
553 2392 736 2461 paulo
779 2392 1062 2445 diversius
1097 2390 1367 2463 adscripta
1412 2388 1640 2444 inlatum
1672 2396 1834 2451 esset,
1880 2405 1997 2461 pro.
2029 2388 2201 2461 ipsius
2247 2388 2537 2462 scriptoris
2570 2388 2747 2443 verbis

462 2490 736 2546 habuere?
824 2490 899 2546 Ne
941 2490 1044 2547 hoc
1072 2491 1292 2565 quidem
1337 2491 1446 2545 veri
1494 2490 1669 2545 simile
1714 2498 1829 2553 est,
1875 2489 2239 2562 glossatorem
2286 2490 2509 2563 antiqua
2554 2496 2611 2544 et
2652 2488 2747 2543 ob-

462 2592 637 2648 soleta
669 2594 842 2648 forma
889 2595 996 2648 alis
1038 2591 1156 2665 (cfr.
1202 2594 1269 2647 116
1314 2610 1375 2648 ea
1405 2592 1663 2647 Priscian.
1699 2610 1752 2665 p.
1792 2598 1944 2651 1014.
1987 2592 2200 2647 Lachm.
2248 2592 2313 2647 ad
2344 2592 2501 2647 Lucr.
2548 2591 2613 2646 IV
2643 2595 2743 2650 637

461 2710 515 2767 p.
561 2693 684 2766 249)
729 2712 888 2750 usum
934 2711 1070 2749 esse.
1161 2695 1243 2748 An
1285 2711 1422 2767 quae
1462 2692 1653 2747 Kritzii
1697 2692 1804 2750 suit
1850 2694 2249 2750 sententia'Fr.
2290 2694 2392 2748 inc.
2424 2700 2494 2753 94
2526 2711 2578 2767 p.
2625 2698 2745 2754 392,

465 2795 755 2852 Sallustius
801 2795 985 2851 eadem
1030 2795 1190 2865 verba
1230 2782 1515 2869 paululum
1554 2782 1752 2848 Gariata
1798 2794 1851 2848 in
1898 2794 2153 2851 Historiis
2191 2796 2551 2870 repetiverat?
2628 2793 2746 2848 Non

461 2916 692 2971 prorsus
733 2897 862 2953 hacc
901 2896 1170 2953 sententia
1213 2897 1322 2952 veri
1367 2896 1547 2971 specie
1588 2903 1768 2958 caret,
1825 2897 1971 2968 quod
2014 2896 2158 2970 apud
2200 2886 2581 2969 g'rammaticos
2622 2894 2747 2951 illos

462 3000 518 3054 in
553 3016 664 3074 quo
705 2998 846 3054 libro
887 3017 949 3054 ea
993 2997 1154 3055 verba
1190 2999 1396 3055 fuerint
1441 3016 1552 3073 non
1592 2998 1794 3054 dictum
1837 3006 1937 3060 est,
1988 2997 2042 3053 in
2079 2998 2333 3055 Historiis
2378 3005 2557 3054 autem
2609 2996 2749 3053 mul-

465 3110 546 3157 tas
587 3118 676 3157 res
736 3100 975 3175 scriptor
1027 3102 1292 3164 narravit,
1349 3102 1414 3157 ad
1469 3118 1607 3175 quas
1666 3118 1726 3155 ea
1777 3100 2073 3173 aptis‘suma
2130 3107 2341 3163 essent,
2393 3118 2493 3155 1166
2546 3100 2747 3156 desunt

460 3203 694 3277 denique
755 3202 999 3277 exempla
1059 3204 1350 3259 earundem
1419 3201 1813 3259 sententiarum
1874 3219 1936 3258 ac
1994 3199 2331 3257 locutionum
2386 3202 2748 3275 repetitarum

461 3304 580 3377 (cl'r.
625 3304 711 3359 Fr.
749 3304 770 3358 1
814 3313 907 3367 45,
954 3310 984 3366 7
1041 3303 1133 3358 Kr.
1175 3323 1299 3360 cum
1345 3305 1456 3361 Cat.
1501 3312 1598 3366 52,
1651 3312 1717 3367 9,
1768 3304 1855 3358 Fr.
1900 3302 1966 3360 111
2022 3310 2120 3367 82,
2178 3312 2241 3364 13
2304 3321 2425 3360 cum
2478 3302 2544 3357 111
2592 3311 2650 3365 1,
2692 3310 2747 3370 8,

460 3406 480 3460 1
512 3416 608 3468 51,
652 3412 685 3467 9
721 3424 768 3460 c.
807 3405 917 3461 Cat.
957 3415 1042 3466 51,
1079 3414 1135 3463 11
1165 3400 1230 3479 2).
1305 3407 1525 3463 Accedit
1570 3407 1715 3480 quod
1740 3408 1920 3477 paulo
1950 3408 2235 3462 divor-sius
2268 3405 2409 3460 idem
2439 3414 2603 3478 atque
2640 3406 2751 3459 alis
2786 3452 2791 3456 .

460 3508 598 3564 alibi
617 3514 836 3563 stantes
863 3506 1167 3579 significare
1196 3506 1420 3563 videtur.
1461 3507 1679 3563 ·Verum
1708 3514 1885 3563 tamen
1912 3524 2035 3564 cum
2072 3506 2363 3563 lacunosos
2388 3506 2559 3563 libros
2585 3523 2748 3561 manu

461 3610 700 3685 scriptos
756 3607 1013 3664 Catilinae
1072 3624 1190 3663 esse
1241 3609 1693 3681 cognoverimuS,
1754 3627 1815 3668 ea
1858 3602 2048 3671 verb‘a,
2109 3621 2267 3682 quae·
2288 3607 2620 3681 grammatici
2670 3606 2750 3662 illi

459 3718 886 3773 conmemorant,
925 3728 991 3765 ex
1035 3710 1114 3765 eis
1160 3710 1421 3767 excidisse
1465 3718 1614 3767 certe
1653 3729 1765 3767 non
1806 3712 1985 3767 minus
2028 3710 2139 3765 veri
2186 3709 2359 3766 simile
2403 3718 2487 3765 est
2524 3703 2587 3784 3).
2673 3711 2750 3766 Ac

461 3814 704 3887 quamvis
761 3830 920 3868 nemo
976 3813 1081 3869 nisi
1137 3800 1470 3885 grammatici
1532 3812 1609 3867 illi
1651 3814 1978 3888 praeberent
2033 3830 2094 3868 ea
2150 3812 2507 3874 desideraret,
2570 3820 2750 3868 tamen

529 3996 588 4061 1)
635 3996 792 4057 Quae
842 4010 928 4061 ap.
969 3995 1280 4047 Chai-isium
1325 4001 1410 4047 est:
1447 4012 1575 4047 ver·
1696 3996 1749 4061 3)
1786 3999 1912 4062 Ipse
1950 3996 2225 4059 Kritzius,
2280 4012 2403 4045 cum
2440 3996 2613 4045 verba
2650 3995 2752 4046 illa

458 4082 649 4132 borum
693 4082 1098 4146 discrepantia,
1149 4082 1312 4131 nihili
1357 4082 1577 4133 videtur
1630 4083 1775 4131 inter
1800 4084 2112 4145 fragmenta.
2141 4082 2198 4129 in
2224 4096 2293 4131 ea.
2314 4080 2578 4143 editione,
2606 4095 2749 4145 quae

459 4167 743 4217 faciunda.
1628 4167 1857 4232 Lipsiae
1899 4165 2029 4215 1856
2053 4166 2275 4231 prodiit,
2314 4182 2423 4216 non
2446 4166 2747 4228 rettulerit,

497 4252 578 4318 ,2)
599 4252 689 4302 Fr.
709 4254 816 4301 inc.
837 4250 896 4303 13
914 4252 1577 4318 omittundumputo‚Se1--
1630 4253 2152 4315 sententiam-‘suam
2189 4250 2406 4300 videtur
2453 4251 2747 4301 abiecisse.

456 4339 606 4389 vium
640 4339 708 4388 ad
721 4340 839 4403 Iug.
859 4337 982 4403 106,
1009 4337 1041 4387 3
1072 4339 1378 4404 respexisse
1403 4343 1575 4387 retusi.
