3042 4917
517 267 598 331 58
1195 289 1799 340 connexui-ionum
1848 293 1987 340 oAP.
2036 295 2123 339 iv.

511 463 614 502 nae
665 446 808 503 dicta
863 465 1010 510 esse,
1065 464 1225 522 quem
1270 447 1560 506 Sallustius
1612 451 1764 524 quasi
1820 448 2133 526 loquentem
2186 452 2511 517 induxisset,
2568 454 2793 528 diceret,

513 548 666 619 Quod
709 550 960 607 omnibus
1005 549 1218 625 legibus
1263 569 1324 608 ac
1363 551 1669 608 rationibus
1712 555 2088 626 grammatices
2127 571 2433 629 repugnare
2467 549 2511 628 ¹)
2555 575 2665 613 non
2710 563 2797 614 est

510 671 609 710 cur
649 653 898 727 pluribus
937 671 1218 728 exponam,
1259 672 1380 710 cum
1423 655 1624 710 nemini
1668 657 2019 729 persuaserit,
2072 673 2249 730 eoque
2282 657 2475 719 minus,
2524 659 2670 732 quod
2701 659 2797 714 ab·

507 755 731 812 surdum
772 762 859 812 est
903 757 956 811 h.
995 755 1031 809 l.
1080 756 1402 830 scriptorem
1461 756 1643 816 dicere
1688 775 1792 831 qua
1832 775 1893 814 re
1944 758 2171 817 Catilina
2216 759 2363 831 quod
2414 758 2482 814 ab
2525 760 2796 834 petitione

507 858 812 914 destitisset
853 875 912 914 se
957 859 1308 920 excusaverit,
1355 857 1447 914 ubi
1487 859 1553 915 de
1598 860 1805 916 caussis
1850 861 1982 918 dicit
2026 861 2222 935 quibus
2256 860 2349 934 ille
2396 861 2461 916 ad
2504 861 2793 917 coniuran-

507 960 634 1016 dum
679 959 927 1035 inpulsus
972 961 1059 1016 sit.
1135 961 1228 1016 Set
1271 960 1404 1016 illud
1451 963 1772 1032 nequiverit
1814 959 2179 1036 glossatorem
2228 979 2445 1038 sapere,
2504 965 2599 1038 qui
2642 965 2791 1036 quod

508 1062 880 1136 suspicaretur
936 1061 1317 1137 adscripserit,
1377 1063 1553 1136 quivis
1611 1063 1768 1120 facile
1822 1065 2171 1122 concesserit.
2268 1064 2361 1120 Set
2410 1065 2789 1127 concedamus,

509 1163 564 1220 id
595 1165 739 1238 quod
775 1163 1034 1250 credibile
1064 1182 1172 1221 non
1203 1172 1302 1228 est,
1335 1183 1579 1221 errorem
1612 1165 1822 1221 librarii
1854 1185 1954 1240 per
1986 1184 2171 1223 omnes
2205 1166 2585 1223 vetustissmos
2614 1166 2791 1224 libros

506 1273 868 1341 propagatum
893 1284 1012 1324 esse
1037 1275 1094 1323 et
1126 1265 1443 1323 Sallustium
1466 1267 1518 1324 id
1564 1267 1708 1340 quod
1755 1267 1810 1322 in
1854 1267 2009 1324 libris
2053 1268 2452 1325 recentioribus
2496 1269 2788 1331 invenitur,

505 1371 842 1441 nequiverat
897 1369 1182 1444 scripsisse
1198 1389 1215 1432 ‚·
1277 1387 1403 1425 num
1461 1369 1637 1426 omnis
1696 1369 1965 1426 dubitatio
2012 1370 2085 1426 de
2128 1370 2206 1427 eis
2248 1370 2427 1426 verbis
2476 1378 2791 1426 removetur

505 1488 567 1527 ac
613 1470 861 1526 tollitur?
936 1473 1126 1545 Inepte
1180 1472 1284 1529 dici
1329 1475 1697 1543 nequiverat,
1755 1472 1801 1527 si
1856 1489 2047 1529 caussa
2086 1473 2401 1547 proferatur
2446 1489 2552 1546 qua
2592 1472 2657 1527 ad
2700 1488 2789 1527 ca-

503 1571 761 1645 piundam
801 1591 899 1647 per
929 1573 1034 1629 vim
1083 1592 1194 1630 rem
1236 1571 1504 1648 publicam
1547 1573 1773 1630 Catilina
1819 1573 2129 1632 stimulatus
2174 1573 2273 1636 sit,
2324 1581 2471 1630 recte
2515 1573 2789 1648 persentit

503 1673 776 1747 Hagenius
820 1672 856 1728 l.
901 1694 946 1730 c.
977 1694 1030 1750 p.
1061 1683 1158 1739 81;
1202 1694 1324 1733 nam
1353 1676 1428 1732 ita
1472 1693 1583 1731 non
1630 1677 1988 1750 optumatium
2029 1675 2331 1749 iniquitate,
2376 1684 2461 1731 set
2500 1691 2597 1730 sua
2624 1674 2787 1748 culpa

507 1775 588 1831 vel
632 1793 814 1832 rerum
861 1777 1256 1835 necessitudine
1302 1777 1551 1835 exclusus
1596 1785 1729 1833 erat.
1814 1777 1883 1832 Et
1911 1795 2010 1834 cur
2054 1777 2284 1839 tandem,
2329 1795 2451 1833 cum
2496 1778 2777 1848 pecunia-

447 1885 454 1892 “
501 1895 632 1934 rum
679 1881 1131 1952 repetundarum
1175 1896 1312 1936 reus
1356 1880 1460 1936 iam
1505 1896 1720 1936 causam
1767 1879 2077 1936 reiectionis
2122 1879 2493 1943 continerent,
2548 1879 2784 1952 scripto-

502 1996 616 2036 rem
664 1980 888 2037 alteram
935 1982 1194 2038 adiecisse
1253 1983 1573 2038 credamus?
1658 1981 1863 2045 Nonne,
1902 1983 1949 2037 si
1989 1989 2275 2054 utramque
2314 1980 2483 2037 fuisse
2530 1980 2611 2037 vel
2650 1997 2784 2037 con-

409 2079 412 2082 ’
499 2083 733 2156 perisset
783 2083 864 2139 vel
909 2084 1302 2158 suspicaretur,
1359 2102 1450 2140 eas
1495 2084 1829 2156 coniungere
1882 2083 2150 2139 debebat?
2220 2083 2303 2138 An
2348 2082 2662 2140 Sallustium
2704 2085 2777 2140 ita

499 2193 766 2240 amentem
811 2185 978 2241 fuisse
1021 2185 1289 2258 opinaris,
1326 2194 1416 2255 ‚ut
1457 2204 1581 2241 cum
1618 2185 1759 2260 apud
1808 2192 2058 2242 auctores
2104 2202 2233 2246 suos
2291 2183 2585 2242 invenisset
2628 2187 2781 2257 quod

496 2287 653 2342 intra
697 2289 990 2360 leyitumos
1035 2288 1158 2343 dies
1189 2289 1465 2359 profiteri
1505 2289 1871 2364 nequiverat,
1920 2285 2159 2360 quamvis
2202 2285 2362 2340 verba
2408 2303 2517 2342 non
2566 2287 2779 2344 intelle-

497 2396 680 2460 geret,
744 2397 918 2445 tamen
971 2405 1034 2444 ea
1089 2389 1552 2462 transscripserit,
1612 2396 1697 2444 set
1752 2396 1905 2444 antea
1951 2404 2194 2444 caussam
2236 2386 2661 2460 probabiliorem
2716 2405 2779 2445 ac

495 2489 607 2544 veri
657 2488 972 2546 similiorem
1027 2507 1269 2568 caussam
1322 2493 1710 2561 pecuniarum
1766 2490 2221 2560 repetundarum
2286 2503 2425 2545 reus
2482 2489 2775 2547 adiecerit?

496 2590 628 2646 Cum
682 2591 852 2664 igitur
909 2599 1016 2646 tam
1070 2591 1238 2648 multa
1291 2591 1372 2646 eis
1427 2591 1605 2647 verbis
1660 2591 1727 2646 ab
1784 2591 2069 2665 scriptoris
2128 2591 2375 2663 ingenio,
2431 2590 2499 2646 ab
2542 2590 2775 2647 aliorum

496 2692 840 2754 testimoniis,
886 2691 954 2747 ab
984 2709 1043 2748 re
1071 2691 1187 2766 ipsa
1223 2692 1518 2754 obstarent,
1560 2693 1739 2748 denuo
1776 2692 2094 2766 diligentius
2141 2692 2287 2748 omni
2326 2709 2385 2747 re
2426 2700 2775 2766 pertractata,

497 2793 564 2848 ab
607 2811 668 2848 ea
709 2811 867 2866 quam
915 2792 1042 2850 olim
1085 2794 1321 2850 dixeram
1366 2793 1651 2855 sententia,
1698 2794 1861 2850 verba
1902 2793 1994 2850 illa
2038 2796 2193 2866 quod
2238 2825 2311 2834 —
2354 2796 2675 2866 nequiverit
2710 2811 2775 2850 ex

493 2894 820 2967 glossemate
862 2902 982 2952 orta
1022 2913 1162 2959 esse,
1207 2913 1316 2952 non
1365 2897 1527 2953 modo
1570 2913 1681 2952 non
1712 2896 1969 2960 dimotus,
2018 2913 2201 2954 verum
2246 2897 2409 2952 etiam
2454 2895 2511 2951 iu
2551 2912 2614 2950 ea
2644 2913 2775 2952 cou-

491 2996 733 3054 firmatus
776 2995 912 3054 sum.

661 3115 770 3173 Cat.
815 3123 910 3180 22,
955 3123 990 3176 2
1039 3101 1200 3191 quod*
1245 3117 1297 3173 in
1353 3117 1508 3174 libris
1562 3115 1840 3191 plerisque
1904 3115 2107 3189 legitur
2162 3117 2429 3172 dictitare
2486 3116 2617 3171 ferri
2661 3133 2774 3172 non

487 3235 652 3293 posse
697 3234 886 3275 omnes
937 3219 1268 3281 intellexere,
1316 3237 1416 3275 nec
1461 3218 1746 3292 quisquam
1786 3217 2053 3274 Gerlachii
2088 3217 2352 3274 rationem
2391 3217 2772 3292 conprobabit,

435 3307 444 3316 ’
488 3321 581 3392 qui
639 3319 958 3377 infinitivum
1005 3321 1326 3377 historicum
1383 3319 1748 3376 necessarium
1807 3337 1927 3376 esse
1978 3320 2192 3376 censuit
2248 3318 2361 3392 (ed.
2418 3336 2542 3374 nov.
2596 3321 2769 3393 praef.

485 3439 537 3495 p.
585 3421 739 3494 XVII)
779 3440 887 3496 quo
935 3440 1071 3495 quae
1116 3431 1273 3478 antea
1315 3423 1472 3485 dicta,
1511 3421 1687 3494 fuere
1732 3423 1834 3494 qui
1865 3423 2139 3490 dicerent,
2184 3421 2433 3479 adiuncta
2473 3429 2772 3478 consuetu-

484 3523 625 3579 dinis
667 3531 722 3580 et
767 3523 992 3580 iteratae
1036 3523 1265 3580 actionis
1323 3524 1548 3580 notione
1608 3531 2015 3598 repeterentur,
2072 3542 2139 3580 ne
2196 3524 2319 3598 quis
2372 3521 2499 3579 talia
2554 3541 2585 3578 a
2640 3522 2770 3578 Sall.

483 3625 608 3681 ficta
635 3625 820 3699 potius
845 3643 1006 3699 quam
1039 3625 1268 3683 aliorum
1297 3626 1625 3716 testimoniis
1656 3625 1971 3682 confirmata
1998 3634 2235 3700 putaret,
2264 3643 2385 3682 cum
2412 3625 2516 3680 iam
2540 3624 2771 3681 Fabrius

556 3824 603 3890 l)
637 3826 764 3876 Non
797 3840 1014 3890 vereor,
1053 3841 1123 3876 ne
1161 3827 1282 3891 quis
1319 3826 1598 3890 obpositu-
1648 3827 1863 3874 voluerit
1905 3825 2219 3883 vendidisse,
2265 3825 2315 3874 V
2353 3822 2441 3885 10,
2481 3823 2547 3872 27
2583 3839 2645 3874 eo
2680 3840 2769 3874 ns-

479 3926 572 3962 rus
607 3911 682 3960 sit
717 3910 868 3961 locos
906 3909 1022 3960 Cic.
1060 3911 1120 3960 in
1153 3911 1307 3960 Verr.
1345 3913 1373 3960 I
1409 3909 1491 3973 30,
1532 3909 1597 3958 75
1649 3925 1745 3974 que
1778 3925 1836 3959 se
1859 3910 2142 3974 praebebat
2162 3911 2439 3974 patientem
2476 3936 2539 3944 —
2574 3915 2631 3957 at
2654 3924 2769 3959 eum

481 3998 570 4062 qui
612 3998 664 4046 in
707 3998 796 4046 illa
841 4012 899 4045 re
960 3998 1083 4062 quid
1133 3996 1313 4059 faeere
1365 3997 1597 4060 potuerit
1647 4009 1789 4044 nemo
1824 4011 2052 4060 umquam
2085 3999 2137 4044 in
2172 4009 2300 4060 equo
2334 3995 2591 4044 sedentem
2622 3995 2766 4044 vide-

482 4096 582 4132 non
617 4081 850 4140 habebat,
889 4082 948 4132 ΙΙ
983 4081 1062 4142 21,
1099 4078 1166 4130 50
1195 4082 1345 4144 facta
1377 4086 1494 4130 sunt
1530 4106 1595 4114 —
1645 4081 1739 4137 rit,
1790 4077 1943 4128 Cael.
1995 4095 2082 4144 ap.
2132 4079 2319 4140 Quint.
2369 4078 2448 4128 VI
2483 4076 2541 4140 3,
2581 4077 2645 4126 41
2664 4079 2771 4150 ‘liic

479 4169 600 4216 utin
619 4168 762 4216 maia
779 4193 842 4201 ——
858 4171 1138 4230 posuerint,
1161 4166 1257 4214 ubi
1277 4181 1343 4214 ex
1361 4166 1589 4230 Lagom.
1644 4163 1936 4214 subsecutus
1972 4179 2066 4228 quo
2102 4165 2248 4213 modo
2273 4168 2541 4212 transierit
2574 4189 2641 4196 —
2677 4179 2768 4213 ne—

476 4251 544 4300 42
576 4258 830 4315 ponerent
862 4251 1162 4316 repositum
1199 4255 1300 4314 est,
1339 4250 1416 4299 IV
1449 4247 1501 4313 6,
1533 4247 1595 4298 16
1646 4264 1721 4299 mo
1758 4247 1975 4310 sciebat,
2018 4264 2140 4297 cum
2177 4262 2363 4298 eorum
2398 4247 2641 4297 locorum
2680 4247 2763 4298 di-

477 4339 566 4387 illa
587 4351 644 4386 se
667 4335 902 4386 habuisse
925 4337 1124 4386 venalia
1145 4349 1306 4402 eaque
1329 4349 1391 4384 se
1417 4339 1595 4402 quanti
1643 4349 1833 4384 vorsas
1869 4333 2115 4384 rationes
2152 4347 2273 4384 esse
2312 4331 2597 4397 adpareat.
