3042 4917
931 278 1557 321 conunN‘rA'rroNUM.
1628 277 1771 319 cAP.
1803 278 1847 317 1.
2466 260 2543 321 13

248 433 552 507 periculum
599 433 907 490 faciundum
953 440 1054 496 est,
1097 433 1243 505 quod
1287 433 1410 490 inde
1457 433 1589 506 quid
1630 432 1891 505 ponderis
1938 424 2168 505 s'lngulis
2217 431 2544 489 testimoniis

253 534 602 591 tribuendum
650 536 919 597 videatur,
977 536 1193 610 pendet.
1257 534 1527 591 'Rothius
1570 534 1715 589 enim
1769 532 1805 588 l.
1844 551 1889 589 c.
1946 541 2141 607 p..,135
2188 533 2325 589 hanc
2367 532 2543 607 legem

249 636 451 693 editori
493 636 718 693 Sallusti
755 638 1127 711 praescripsit,
1173 645 1236 692 ut
1271 636 1699 710 eafficripturae
1728 634 2008 709 archetypi
2038 612 2317 708 puta'ndae‘
2342 644 2542 699 essent,

250 738 305 793 in
341 739 542 813 quibus
576 738 912 795 recentiores
943 737 1093 812 pleni
1133 737 1260 795 libri
1289 756 1410 795 cum
1454 737 1661 793 mutilis
1699 736 2095 794 vetustissumis
2138 738 2541 801 consentirent;

249 840 295 895 si
355 840 762 915 discreparent,
833 858 970 913 quae
1036 840 1094 897 in
1161 858 1270 896 non
1327 840 1700 897 contaminato
1769 839 2082 923 exemplari·
2128 839 2265 895 alius
2323 840 2542 913 generis

249 942 384 1000 item
428 942 823 1016 reperirentur.
904 942 1124 998 Censuit
1169 942 1341 1015 igitur
1385 942 1599 1015 singula
1657 958 1860 1013 genera
1916 958 1981 997 ex
2036 940 2269 1014 singulis
2312 942 2543 999 vetustis

250 1044 408 1100 libris
467 1044 735 1117 originem
786 1044 1018 1100 duxisse.
1109 1044 1204 1100 Cui
1260 1044 1561 1101 sententiae
1610 1060 1745 1116 quae
1786 1042 1919 1098 mihi
1968 1042 2253 1099 videantur
2298 1044 2540 1107 obstare,

249 1145 423 1201 libere
465 1162 746 1219 exponam.

373 1263 663 1343 ..Primum
713 1299 812 1355 per
869 1298 928 1337 se
973 1281 1169 1337 mirum
1221 1281 1460 1343 videtur,
1521 1280 1568 1334 si
1626 1279 1752 1335 libri
1815 1280 2186 1336 vetustissumi
2240 1298 2427 1337 omnes
2478 1298 2543 1337 ex

252 1400 317 1439 eo
364 1383 657 1458 exemplari
692 1383 1038 1457 transscripti
1080 1383 1206 1445 sint,
1255 1382 1400 1456 quod
1434 1382 1578 1435 inter
1613 1382 1714 1437 tria
1746 1399 1988 1451 maxume
2020 1382 2337 1439 mutilatum
2357 1383 2539 1447 fuerit,

256 1492 368 1540 tum
415 1485 627 1540 demum
673 1486 890 1560 plenior
930 1484 1072 1540 liber
1108 1491 1362 1558 repertus
1417 1483 1514 1546 sit,
1570 1484 1635 1539 ad
1689 1500 1848 1556 quem
1894 1484 1997 1538 iam
2037 1483 2161 1539 libri
2206 1487 2413 1541 exarari
2453 1504 2542 1541 so—

253 1586 354 1649 liti,
403 1588 640 1663 denique
687 1596 928 1643 extremo
982 1586 1158 1642 medio
1197 1603 1325 1641 aevo
1375 1586 1596 1641 tertium
1638 1585 1913 1659 exemplar
1963 1603 2026 1641 ex
2075 1587 2312 1643 tenebris
2360 1590 2416 1642 iu
2460 1588 2542 1643 lu—

254 1705 372 1744 cem
417 1689 709 1763 prolatum,
765 1690 909 1762 quod
957 1688 1196 1744 omnium
1253 1687 1647 1761 plenis‘sumum
1702 1688 1896 1750 fuerit,
1942 1688 2175 1761 indeque
2214 1689 2542 1763 paucissumi

254 1790 382 1844 libri
427 1791 701 1865 exscripti.
782 1790 861 1845 Ad
921 1807 1056 1863 quae
1113 1787 1248 1845 illud
1292 1790 1522 1851 accedit,
1580 1789 1725 1861 quod
1778 1789 1902 1844 libri
1958 1790 2177 1861 generis
2223 1792 2443 1847 secundi
2488 1800 2541 1847 et

257 1891 409 1946 tertii
452 1892 626 1973 iri-eis
663 1891 929 1966 partibus,
980 1909 1112 1964 quas
1163 1909 1284 1946 cum
1333 1892 1510 1965 primo
1555 1908 1852 1946 conmunes
1894 1890 2120 1955 habent,
2179 1892 2381 1948 nullam
2429 1894 2541 1948 sere

255 1993 630 2049 diversitatem
661 2001 964 2068 scripturae
993 1993 1305 2055 ostendunt,
1349 1994 1494 2065 quod
1525 2009 1637 2048 non
1666 1993 1740 2048 ita
1769 1992 2105 2048 intellectum
2128 1992 2253 2049 volo
2280 1995 2433 2067 quasi
2457 2012 2543 2049 re·

255 2096 531 2153 centiores
573 2095 699 2150 libri
755 2112 866 2151 non
919 2094 1104 2150 multis
1157 2094 1292 2150 locis
1337 2094 1595 2169 conrupti
1654 2102 1815 2167 atque
1876 2094 2193 2167 interpolati
2242 2096 2379 2159 sint,
2437 2096 2543 2153 hoc

256 2199 396 2261 dico,
438 2196 891 2270 interpolationes
938 2205 992 2252 et
1036 2194 1385 2270 conruptelas
1441 2213 1630 2251 omnes
1688 2195 1804 2271 eius
1842 2196 1988 2251 modi
2029 2212 2176 2259 esse,
2222 2204 2283 2251 ut
2342 2214 2406 2252 ex
2442 2198 2539 2260 eis,
2603 2248 2608 2257 .

259 2318 399 2375 quae
444 2300 500 2354 in
545 2298 838 2355 scribundo
869 2298 1124 2355 'accidere
1171 2296 1435 2369 soleant„
1469 2298 1600 2353 satis
1658 2297 1938 2353 commode
1992 2297 2248 2372 explicari
2306 2299 2540 2373 possint,

258 2414 508 2476 quaeque
552 2399 777 2455 meliora
825 2408 880 2455 et
909 2399 1277 2474 probabiliora
1322 2398 1432 2455 sint
1475 2399 1631 2462 talia,
1685 2414 1825 2475 quae
1877 2400 2041 2455 homo
2096 2399 2259 2474 paulo
2311 2402 2545 2476 peritior

255 2522 317 2561 ac
371 2502 624 2577 sagacior
675 2502 1030 2558 coniectando
1084 2501 1241 2559 facile
1294 2500 1534 2557 invenire
1574 2502 1820 2575 potuerit
1865 2496 1931 2575 ¹);
1986 2502 2041 2558 in
2094 2516 2205 2577 quo
2256 2502 2389 2559 illud
2432 2521 2543 2559 non

327 2703 377 2769 1)
414 2702 582 2753 Nulla
601 2703 659 2752 in
683 2719 742 2753 re
769 2703 942 2753 maior
962 2701 1242 2752 dissensus
1270 2705 1372 2765 est,
1424 2700 1620 2751 hibent
1662 2704 1760 2751 sed
1796 2686 1957 2767 paulo*
1990 2708 2107 2752 ante
2147 2710 2357 2753 senatus
2392 2706 2545 2753 numi—

257 2805 424 2855 quam
447 2790 508 2838 in
533 2788 721 2838 ordine
746 2788 1054 2849 verborum,
1087 2787 1242 2837 cuius
1267 2785 1376 2835 dis·
1427 2787 1563 2835 diam
1592 2790 1919 2851 provinciam
1932 2790 2247 2851 decreverat,
2288 2788 2421 2838 5749
2450 2793 2548 2839 sed

258 2874 584 2939 crepantiae
637 2878 852 2939 partem
908 2873 977 2921 ab
1038 2871 1376 2921 scholastica
1423 2874 1579 2935 paulo
1616 2878 1732 2921 ante
1768 2872 2005 2921 nobilitas
2040 2874 2183 2923 decio
2226 2876 2541 2933 decreverat,

254 2959 596 3010 tractatione
634 2958 903 3023 originem
927 2956 1148 3018 ducere,
1189 2956 1282 3020 qui
1319 2956 1377 3004 in

255 3042 654 3093 vetustioribus
709 3042 990 3094 codicibus
1041 3040 1246 3091 litteris
1291 3056 1378 3089 su-

254 3128 580 3194 perscriptis
607 3128 1068 3176 constructionem
1087 3125 1377 3175 verborum

255 3214 468 3279 praeiri
484 3211 706 3276 viderit,
729 3212 1036 3275 intelleget.
1080 3210 1235 3259 Haut
1251 3224 1375 3260 raro

254 3298 516 3349 librarios
566 3296 906 3361 elegantiam
953 3295 1244 3360 quamdam
1286 3310 1377 3344 ca-

254 3390 447 3448 ptasse
485 3398 645 3431 nemo
682 3380 1029 3430 infitiabitur.
1091 3380 1210 3442 Quo
1249 3395 1378 3429 cau-

255 3469 368 3517 tius
405 3467 498 3517 lex
543 3466 643 3516 illa
681 3466 1074 3530 diplomaticae
1121 3466 1255 3515 artis
1293 3480 1375 3515 se-

257 3552 481 3618 quenda
507 3556 608 3613 est,
642 3566 751 3615 qua
775 3551 1104 3600 inmutatum
1131 3549 1376 3600 ordinem

257 3638 550 3687 verborum
562 3652 658 3701 pro
685 3636 891 3685 indicio
906 3634 1254 3699 glossematis
1279 3634 1376 3683 ha-

1429 2954 1564 3006 5750
1597 2958 1694 3005 sed
1732 2960 1884 3020 paulo
1931 2958 2075 3006 decio
2123 2959 2423 3008 decreverat
2465 2975 2544 3009 se-

1429 3047 1593 3103 natus,
1633 3039 1767 3091 5760
1800 3043 1897 3091 sed
1926 3046 2081 3106 paulo
2118 3040 2256 3107 (sup.
2284 3042 2427 3107 ante)
2459 3046 2545 3093 de-

1428 3132 1664 3175 creverat
1695 3133 1949 3183 senatus,-
1974 3124 2105 3175 5761
2142 3128 2239 3176 sed
2265 3130 2419 3191 paulo
2457 3130 2545 3178 de-

1429 3216 1679 3269 creverat,
1718 3208 1853 3260 6086
1878 3212 1975 3260 sed
1987 3215 2193 3275 paulum
2227 3214 2543 3273 decreverat,

1429 3292 1564 3345 6087
1609 3298 1704 3345 sed
1742 3302 1951 3346 senatus
1986 3300 2141 3360 paulo
2178 3304 2331 3347 antea
2365 3300 2543 3349 decre-

1428 3386 1576 3431 verat
1613 3378 1763 3446 (sup.
1806 3383 2072 3431 numz'dIam
2102 3386 2415 3446 provinciam
2448 3400 2547 3433 me·
2638 3407 2642 3410 ’

1429 3463 1605 3529 tello),
1652 3463 1789 3515 6089
1831 3468 1929 3516 sed
1965 3472 2119 3531 paulo
2156 3475 2273 3517 ante
2310 3468 2547 3519 nobilitas

1429 3554 1697 3601 numidiam
1729 3554 2038 3615 provinciam
2072 3557 2266 3603 metello
2308 3554 2544 3604 decreve-

1428 3643 1539 3694 rat,
1590 3635 1725 3685 6090
1769 3634 1865 3686 s'ed
1906 3643 2113 3687 senatus
2159 3639 2302 3688 decio
2348 3642 2545 3689 metello

260 3722 390 3771 bere
429 3721 698 3771 iubemur.
759 3718 1016 3769 Ceterum
1041 3734 1146 3784 quo
1174 3720 1377 3769 certius
1424 3728 1582 3785 pauco
1620 3723 1922 3771 decreverat
1960 3708 2119 3785 (cor’r.
2148 3739 2189 3771 s.
2214 3738 2321 3773 sen.
2346 3727 2542 3774 metello

260 3806 329 3856 de
369 3806 676 3869 codicibus,
715 3820 940 3870 quorum
975 3804 1280 3871 scripturae
1322 3805 1378 3853 in

261 3891 370 3941 hac
419 3890 664 3941 editione
707 3905 818 3939 non
873 3888 1172 3939 adnotatae
1231 3894 1376 3954 sunt,

265 3975 572 4036 iudicetur,
632 3974 795 4025 simul
861 3990 965 4038 quo
1023 3976 1140 4023 iure
1189 3989 1378 4023 recen-

264 4061 422 4111 tioris
461 4061 682 4125 generis
717 4074 826 4109 non
870 4058 1056 4123 plures
1093 4060 1378 4108 conferen-

266 4145 363 4195 dos
399 4144 728 4210 putaverim,
768 4143 834 4194 de
861 4133 1070 4194 duobus
1094 4144 1232 4193 locis
1256 4145 1377 4209 Iug-

264 4227 405 4280 haec
457 4229 673 4305 addam..
743 4230 862 4293 Iug.
913 4228 1081 4293 igitur
1128 4228 1194 4279 73
1239 4233 1377 4279 extr.

265 4314 509 4364 Parisini
545 4313 699 4377 5747,
735 4312 891 4377 5762,
928 4312 1082 4378 6091,
1119 4312 1254 4365 6093
1289 4329 1380 4363 ex-

1431 3808 1696 3855 numidiam
1709 3822 1855 3869 prov.
1881 3810 2033 3869 paulo
2060 3814 2177 3857 ante
2202 3808 2542 3873 decreverat),

1430 3890 1567 3941 6094
1598 3893 1694 3941 sed
1726 3898 1932 3940 senatus
1966 3895 2117 3955 paulo
2154 3898 2274 3941 ante
2310 3894 2544 3943 decreve-

1431 3982 1516 4026 rat
1552 3974 1759 4039 (subpl.
1800 3991 1834 4024 a.
1874 3992 1961 4040 po.
2001 3991 2109 4025 ma.
2147 3978 2413 4027 numidiam
2447 3994 2545 4028 me-

1431 4059 1609 4124 tello),
1662 4058 1798 4108 6096
1840 4062 1935 4109 sed
1977 4066 2183 4109 senatus
2220 4065 2379 4123 paulo
2426 4070 2545 4112 ante

1430 4148 1625 4195 metello
1670 4146 1935 4193 numidiam
1960 4149 2275 4207 provinciam
2310 4148 2545 4197 decreve-

1431 4236 1531 4288 rat,
1557 4227 1689 4277 6097
1714 4236 1921 4277 senatus
1946 4230 2043 4277 sed
2050 4233 2208 4293 paulo
2227 4231 2543 4291 decreverat,

1432 4312 1568 4364 6100
1620 4316 1715 4363 sed
1751 4316 1907 4377 paulo
1954 4320 2073 4363 ante
2116 4322 2323 4366 senatus
2370 4318 2548 4369 decre-
