3042 4917
1383 217 1424 241 h

508 271 592 342 92
1201 257 1808 366 σ’ὸῄξιξηωτῐοπυκ
1840 299 1981 348 οη.
1998 301 2101 344 Ἰν.
2214 267 2227 280 ’

508 451 646 522 Quid
689 451 884 526 igitur,
933 439 1054 510 cum
1094 453 1325 529 legimus
1363 453 1606 532 tumultu
1645 455 1957 528 formidine
2010 460 2183 530 quasi
2222 461 2490 518 vecordia
2530 469 2787 534 ceperat,

507 575 687 616 uonne
733 558 912 616 omnia
953 558 1114 632 plana
1153 560 1314 616 sunt?
1400 558 1621 616 Servata
1670 566 1756 616 est
1803 559 2159 632 aequabilitas
2206 562 2603 627 membrorum,
2646 581 2785 639 quae

505 677 626 718 cum
671 661 782 720 duo
817 661 968 736 paria
1011 661 1436 735 praecesserint,
1493 661 1715 718 tertium
1771 678 1989 736 quoque
2034 670 2096 718 ut
2149 664 2364 722 duobus
2414 673 2633 724 constet
2685 685 2787 742 po-

506 762 702 828 stulat;
755 771 812 820 et
855 780 1180 837 quamquam
1235 763 1353 838 ipsa
1401 762 1635 820 formido
1691 763 1969 850 vecordiae
2024 764 2215 846 similis
2256 783 2375 823 esse
2418 775 2605 841 potest
2648 768 2783 843 (lug.

503 871 590 929 72,
631 871 691 924 2:
729 866 1042 939 formidine
1087 866 1257 938 quasi
1295 867 1565 922 vecordia
1608 861 1979 942 exayilari),'
2008 872 2184 924 tamen
2224 868 2353 942 quid
2416 869 2621 934 obstat,
2674 888 2785 946 quo

504 968 684 1026 minus
723 985 822 1042 per
865 967 1210 1024 formidinem
1246 968 1494 1024 vecordia
1534 968 1793 1043 quaedam
1836 967 2027 1037 animis
2074 969 2269 1029 iniecta
2306 987 2426 1027 esse
2470 972 2721 1030 dicatur?

673 1071 786 1144 lug.
837 1078 956 1133 100,
989 1075 1038 1130 4.
1075 1076 1392 1141 praeterea
1437 1072 1581 1127 alios
1616 1063 1794 1142 sapei·
1837 1051 2046 1128 vall-'tm
2088 1057 2169 1130 irie
2190 1072 2553 1132 munimentis
2588 1077 2785 1131 locare

501 1171 664 1228 verba
705 1175 765 1228 in
809 1175 1171 1230 munimentis
1212 1189 1324 1229 non
1367 1173 1529 1228 modo
1576 1172 1849 1246 superflua
1894 1179 1987 1238 set
2023 1172 2185 1228 etiam
2233 1190 2425 1248 parum
2461 1175 2785 1233 convenien-

504 1275 578 1332 tia
620 1292 740 1332 esse
777 1275 932 1332 facile
977 1274 1336 1349 intellegitur.
1422 1273 1553 1330 Nam
1599 1274 1819 1331 tertium
1860 1291 2032 1347 genus
2078 1274 2421 1332 excubiarum
2468 1294 2568 1351 per
2602 1293 2785 1350 super

501 1378 712 1434 vallum
766 1379 898 1434 satis
948 1377 1015 1434 ab
1057 1377 1275 1435 relicuis
1318 1376 1533 1433 duobus
1584 1376 1899 1452 distinctum
1938 1383 2028 1436 est
2055 1384 2121 1432 et
2162 1377 2238 1434 ita
2281 1377 2444 1454 verba
2494 1378 2785 1436 coniuncta

503 1486 658 1542 sunt,
723 1479 878 1553 quasi
943 1479 1274 1536 munimenta
1329 1477 1470 1534 vallo
1540 1478 1777 1553 inposita
1832 1477 2052 1534 suerint.
2142 1477 2274 1536 Cum
2333 1487 2513 1536 autem
2576 1479 2633 1536 in
2660 1519 2673 1534 .
2698 1498 2785 1538 re-

502 1581 746 1638 centiore
792 1580 953 1655 primi
995 1581 1214 1654 generis
1263 1580 1463 1636 familia
1506 1575 1803 1654 multisque
1842 1577 1962 1636 aliis
2004 1579 2281 1637 codicibus
2323 1582 2383 1636 in
2419 1584 2783 1640 munimentis

501 1690 628 1738 ante
667 1697 848 1754 super
890 1685 1099 1740 vallum
1135 1682 1479 1740 conlocatum
1525 1682 1613 1746 sit,
1652 1697 1833 1738 nonne
1874 1698 1939 1740 ea
1982 1699 2072 1737 res
2116 1681 2248 1738 satis
2293 1683 2490 1756 arguit,
2536 1682 2673 1740 illud
2716 1685 2781 1741 ad

499 1799 680 1855 super
723 1785 950 1856 vallum,
995 1785 1141 1859 quod
1179 1783 1502 1841 insolentius
1552 1784 1753 1840 dictum
1798 1800 1917 1840 esse
1977 1783 2259 1840 videbatur
2298 1782 2427 1856 (cfr.
2474 1793 2655 1842 tamen
2693 1792 2781 1849 76,

499 1885 593 1960 3),
653 1885 720 1943 ab
763 1885 1000 1944 librariis
1049 1887 1378 1963 adscriptum
1422 1887 1582 1942 esse?
1632 1915 1706 1926 —-
1749 1884 1918 1941 Paulo
1960 1895 2091 1958 post
2127 1893 2159 1945 5
2204 1884 2367 1958 volgo
2404 1885 2586 1942 editur
2627 1891 2783 1960 quod

497 1991 662 2046 multi
691 2005 807 2060 per
849 1990 1205 2047 ambitionem
1243 1990 1381 2060 fieri
1421 1988 1666 2050 aiebant,
1704 2002 1853 2057 pars
1894 1989 2049 2058 quod
2088 2005 2125 2042 a
2149 1987 2403 2058 pueritia
2446 1997 2779 2045 consuetam

497 2092 770 2149 duritiam
803 2098 868 2148 et
911 2094 1044 2155 alia,
1089 2105 1238 2163 quae
1294 2092 1475 2146 ceteri
1524 2089 1787 2145 miserias
1844 2095 2081 2157 vocant,
2137 2089 2415 2160 voluptati
2468 2088 2778 2160 habuisset,

499 2211 635 2268 quae
679 2201 828 2252 recte
864 2193 1006 2250 dicta
1065 2211 1186 2250 esse
1252 2209 1410 2248 nemo
1469 2191 1705 2264 negabit.
1805 2191 1875 2245 At
1928 2190 2123 2246 mirum
2180 2190 2429 2263 profecto
2484 2199 2572 2248 est
2630 2193 2777 2266 quod

497 2296 743 2353 codices·
764 2295 1136 2352 vetustissumi
1196 2276 1306 2351 duo
1362 2287 1469 2351 PPl
1528 2294 1796 2349 habuisse
1840 2291 2121 2352 exhibent.
2182 2291 2375 2348 deinde
2418 2294 2562 2366 quod
2607 2311 2777 2368 paene

498 2415 684 2456 omnes
738 2397 900 2472 primi
955 2397 1172 2470 generis
1217 2411 1370 2467 pars
1425 2395 1701 2452 omittunt.
1788 2392 1917 2450 Cum
1976 2401 2155 2450 autem
2212 2409 2360 2466 pars
2414 2394 2568 2451 nullo
2614 2396 2777 2452 modo

497 2501 677 2558 omitti
730 2499 935 2574 possit,
993 2516 1172 2559 nonne
1213 2497 1325 2553 veri
1368 2496 1545 2554 simile
1588 2503 1699 2560 est,
1758 2496 1814 2552 id
1867 2495 2184 2552 vocabulum
2242 2513 2343 2570 per
2396 2495 2543 2553 aliud
2588 2515 2780 2572 super-

496 2601 758 2674 scriptum
797 2601 921 2656 loco
963 2617 1064 2656 suo
1105 2607 1312 2656 motum
1355 2600 1509 2655 esse?
1596 2597 1662 2654 Et
1706 2597 1753 2654 si
1797 2598 1950 2669 quod
1993 2597 2249 2658 eiciamus
2285 2605 2340 2654 et
2386 2598 2654 2654 habuisse
2690 2617 2779 2655 re-

495 2703 773 2776 cipiamus,
815 2718 993 2756 nonne
1039 2701 1217 2758 omnia
1260 2708 1404 2757 recte
1439 2700 1786 2774 procedunt?
1866 2699 2051 2772 Neque
2096 2698 2238 2754 enim
2285 2700 2431 2772 quod
2470 2699 2777 2758 subiectum

496 2802 745 2859 infinitivi
785 2803 1054 2859 habuisse
1099 2802 1356 2859 omissum
1403 2810 1514 2865 est,
1569 2820 1691 2858 cum
1746 2801 1813 2857 de
1867 2818 1975 2874 quo
2020 2801 2231 2858 dicatur
2281 2800 2503 2858 dubium
2549 2819 2661 2857 non
2704 2801 2778 2859 sit

495 2904 614 2978 (cfr.
649 2911 735 2968 83,
773 2903 840 2978 1),
888 2904 1197 2961 obfensioni
1235 2912 1335 2968 est,
1382 2921 1560 2978 neque
1606 2901 1751 2977 quod
1797 2919 1933 2976 quae
1980 2901 2036 2958 in
2080 2919 2270 2958 caussa
2314 2901 2484 2958 fuisse
2527 2902 2632 2959 dici
2678 2920 2778 2978 po-

493 3015 666 3071 tuere,
711 3007 779 3064 ab
823 3007 931 3064 illis
977 3006 1071 3063 ita·
1096 3014 1286 3081 putata
1331 3024 1466 3064 esse
1495 3003 1638 3062 dicta
1682 3015 1827 3060 sunt.

661 3110 776 3184 lug.
828 3117 940 3174 102,
990 3117 1052 3168 10
1085 3108 1178 3166 ubi
1212 3108 1361 3166 Sulla
1403 3108 1468 3164 ad
1495 3109 1766 3164 Bocchum
1802 3107 1935 3163 haec
1977 3105 2139 3162 dicit:
2188 3107 2366 3161 multa
2404 3112 2575 3178 alque
2604 3124 2776 3178 opor-

492 3219 632 3270 tuna
676 3213 869 3281 habes,
915 3229 1026 3284 quo
1065 3210 1307 3283 facilius
1347 3218 1551 3267 errata
1598 3209 1810 3281 officiis
1848 3223 2104 3279 superes,
2158 3207 2422 3281 particula
2467 3207 2779 3282 copulativa

491 3319 664 3386 atque
703 3331 1026 3388 quamquam
1069 3312 1273 3370 codicis
1319 3311 1378 3372 23
1433 3311 1758 3369 auctorit-ate
1802 3310 2007 3366 munita
2048 3317 2159 3372 est,
2220 3317 2396 3365 tamen
2439 3309 2771 3366 relicuorum

491 3423 842 3489 optumorum
883 3413 1148 3471 librorum
1204 3412 1535 3470 testimoniis
1567 3419 1839 3493 >suspecta
1884 3410 1960 3467 fit.
2055 3411 2133 3468 Ad
2177 3412 2499 3468 sententiam
2541 3428 2649 3468 non
2696 3412 2772 3467 ita

406 3549 411 3557 ·
489 3516 671 3589 magni
718 3516 1012 3577 interesse,
1070 3523 1253 3571 utrum
1308 3515 1551 3570 Bocchus
1608 3514 1820 3570 dicatur
1863 3512 2061 3569 multas
2106 3512 2510 3586 oportunitates
2552 3511 2770 3575 habere,

489 3634 556 3702 an
601 3615 800 3672 multas
842 3634 931 3674 res
975 3633 1175 3690 easque
1220 3624 1521 3689 oportunas
1564 3616 1780 3689 habere,
1827 3614 2193 3671 manufestum
2237 3622 2335 3671 est.
2424 3613 2533 3670 Nec
2572 3613 2774 3670 desunt

486 3716 594 3775 loci
659 3717 714 3774 in
783 3717 979 3791 quibus
1045 3717 1377 3791 grammatici
1411 3707 1755 3774 OEonsuetum
1822 3734 1995 3790 genus
2052 3715 2264 3772 dicendi
2325 3716 2617 3772 restituere
2678 3734 2771 3773 co·

486 3821 600 3878 nati
640 3820 770 3877 sint.
1195 3893 1204 3902 ·

655 3922 768 3996 lug.
823 3929 936 3984 103.
965 3927 1000 3981 4
1044 3921 1204 3978 verba
1248 3924 1306 3978 in
1350 3924 1554 3978 itinere
1591 3919 1795 3976 nullam
1838 3919 1997 3976 aliam
2042 3918 2112 3974 ob
2155 3936 2397 3975 caussam
2446 3917 2773 3975 secludenda

484 4022 780 4086 arbitratus
833 4041 980 4087 sum,
1038 4041 1197 4097 quam
1259 4023 1405 4098 quod
1467 4023 1520 4078 in
1564 4021 1751 4096 multis
1794 4020 1950 4077 libris
1992 4021 2100 4077 alio
2145 4019 2269 4077 loco
2313 4019 2599 4077 conlocata
2642 4029 2773 4078 sunt

484 4142 546 4181 ac
589 4123 746 4181 facile
791 4126 869 4182 eis
913 4125 1088 4182 careri
1128 4133 1330 4200 potest.

651 4226 852 4283 Novam
897 4226 1266 4282 recensionem
1303 4225 1526 4282 exhibui
1570 4223 1824 4299 principii
1868 4241 1985 4299 cap.
2035 4230 2166 4287 104,
2207 4224 2533 4282 auctoritate
2578 4240 2775 4280 eorum

480 4327 779 4392 librorum,
826 4328 920 4404 qui
972 4326 1117 4384 inter
1162 4327 1498 4386 recentiores
1545 4326 1755 4403 optumi
1800 4333 1947 4382 sunt.
2032 4327 2272 4382 Primum
2326 4343 2449 4384 cum
2505 4332 2620 4382 mto·
2676 4327 2778 4384 ubi
