3042 4917
559 275 642 340 70
873 337 883 344 ,
1214 293 1845 340 'GORMENTATIONUM
1898 293 2041 338 oar.
2082 293 2172 338 1v.

555 449 948 527 inprobandam
991 449 1162 506 videri
1197 466 1263 506 eo
1308 450 1488 507 minus
1534 449 1721 508 timide
1762 447 2057 514 confiteor,
2112 451 2261 526 quod
2301 450 2367 507 Μ.
2411 449 2695 514 Hertzius,
2750 449 2846 526 qui

558 570 722 628 quam
765 551 902 608 bene
959 551 1226 608 Linkerus
1281 551 1348 608 de
1393 550 1655 609 Sallustio
1695 552 1957 608 meruerit
2012 570 2221 610 mecum
2284 552 2589 628 praedicat,
2646 551 2844 610 Philol.

553 655 646 712 ΧΠ
689 662 723 714 2
763 673 820 730 p.
866 661 972 716 378
1013 655 1274 711 advorsus
1319 671 1437 710 eam
1479 654 1791 729 disputavit.
1882 654 1959 712 Ac
2009 655 2247 729 primum
2304 655 2520 729 quidem
2569 655 2849 728 faucibus

553 773 807 830 uryuere
849 774 1028 830 neque
1071 755 1288 832 legib-us
1333 757 1603 812 sermonis
1638 755 1795 813 latini
1847 774 2025 830 neque
2080 756 2459 814 consuetudini
2516 774 2844 832 repugnare,

556 859 814 935 exemplis
860 860 964 915 iam
1009 875 1109 932 per
1143 858 1280 916 alios
1325 857 1558 914 conlatis
1600 858 1774 914 Plaut.
1822 859 1938 916 Cas,
1984 860 2028 914 V
2070 867 2131 922 3,
2174 866 2209 918 4
2251 858 2419 934 (783)
2468 862 2621 915 omm'
2662 860 2848 916 modis

555 965 764 1018 miser.-
808 963 890 1017 ita
940 961 1268 1037 manufesto
1301 960 1575 1032 faucibus
1618 967 1842 1030 teneor,
1895 961 2000 1018 Cic.
2038 980 2121 1037 pr.
2169 960 2380 1019 Cluent.
2426 969 2522 1024 31,
2562 968 2635 1022 84
2674 964 2845 1017 istam

556 1065 1008 1122 conciliationem
1049 1065 1276 1135 qratiae
1319 1061 1589 1118 Staienus
1639 1069 1756 1120 tum
1800 1067 2019 1120 recenti
2064 1077 2161 1132 re,
2214 1081 2343 1120 cum
2389 1063 2662 1135 faucibus
2704 1081 2846 1136 pre·
2910 1083 2923 1097 ⁶
3026 1059 3028 1070 '

556 1172 828 1236 meretur,
879 1167 1241 1239 excoquam,
1282 1164 1392 1220 Val.
1424 1164 1557 1220 Max.
1597 1165 1641 1219 V
1671 1172 1721 1227 3,
1753 1172 1787 1224 2
1816 1167 1917 1237 qui
1938 1166 2223 1238 pestifera
2266 1167 2348 1222 Ti.
2388 1166 2641 1223 Gracchi
2666 1185 2846 1224 manu

550 1268 826 1342 faucibus
871 1269 1204 1340 obpressum
1249 1267 1337 1341 (al.
1360 1267 1819 1340 adprehensam)
1864 1283 1984 1324 rem
2010 1269 2303 1339 publicam
2334 1271 2699 1342 stranyulari
2730 1287 2848 1326 non

547 1387 765 1444 passus
806 1377 907 1439 est,
954 1371 1087 1445 ipse,
1133 1371 1312 1432 credo,
1356 1368 1623 1425 Linkerus
1662 1369 1899 1442 ingenue
1941 1371 2219 1426 concedet.
2302 1372 2437 1426 Tum
2478 1372 2584 1427 etsi
2622 1371 2841 1428 Cicero—

554 1475 640 1530 nis
685 1473 868 1531 locum
913 1472 1180 1547 quandam
1223 1490 1346 1528 cum
1387 1471 1440 1525 h.
1487 1469 1711 1526 Sallusti
1766 1471 2175 1528 similitudinem
2220 1473 2420 1530 habere
2478 1490 2638 1530 nemo
2676 1491 2848 1547 nega-

557 1577 666 1638 bit,
727 1583 908 1632 tamen
969 1591 1106 1646 quae
1166 1573 1463 1629 intercedat
1506 1572 1797 1630 divorsitas
1856 1591 1967 1630 non
2009 1576 2185 1631 minus
2240 1575 2691 1632 considerandum
2740 1583 2845 1632 est.

556 1676 768 1751 Quippe
826 1676 931 1732 Cic.
989 1673 1082 1730 illa
1136 1671 1300 1737 dixit,
1329 1654 1484 1730 Qum
1541 1675 1727 1749 copias
1786 1676 1844 1731 G.
1902 1675 2131 1732 Manlius
2177 1695 2475 1751 conparare
2529 1677 2847 1753 incepisset,

557 1777 788 1834 Catilina
817 1777 1098 1832 etiamtum
1139 1777 1196 1832 in
1241 1777 1374 1832 urbe
1419 1784 1566 1832 esset
1617 1785 1781 1853 atque
1820 1779 1953 1834 adeo
1992 1779 2047 1834 in
2092 1786 2339 1835 senatum
2382 1778 2562 1835 venire
2598 1780 2848 1844 auderet,

557 1881 706 1943 Cato,
753 1896 875 1936 cum
927 1878 1154 1934 Catilina
1199 1896 1318 1934 cum
1365 1879 1603 1934 exercitu
1652 1880 1718 1935 ad
1758 1879 1949 1935 urbem
1994 1880 2339 1944 adventaret,
2398 1882 2599 1955 quique
2652 1882 2719 1939 ab
2774 1901 2845 1938 eo

556 1981 735 2040 relicti
781 1988 952 2044 erant,
999 1988 1094 2036 aut
1133 1960 1500 2055 conprehensi
1544 1988 1728 2037 essent
1764 1988 1859 2037 aut
1900 1981 2295 2056 profugissent.
2382 1982 2627 2039 Ciceroni
2671 1983 2851 2057 igitur

555 2080 734 2141 castra
777 2083 831 2138 in
871 2083 1118 2140 faucibus
1163 2081 1412 2139 Etruriae
1455 2083 1637 2156 posita
1678 2100 1799 2140 esse
1842 2083 2021 2140 dicere
2066 2084 2247 2148 licuit,
2294 2085 2423 2140 Cato
2470 2093 2616 2142 recte
2660 2085 2850 2141 Catili-

555 2202 678 2244 nam
721 2203 844 2242 cum
887 2186 1128 2256 exercitu
1165 2185 1410 2242 faucibus
1446 2202 1685 2258 urguere
1715 2185 1878 2250 dixin
1920 2185 2107 2242 Cicero
2152 2188 2343 2244 ducem
2384 2185 2531 2242 illius
2571 2188 2847 2245 exercitus

477 2276 487 2285 ’
557 2287 613 2342 in
661 2295 857 2344 senatu
900 2287 1089 2343 sedere
1131 2287 1310 2342 dicere
1358 2287 1567 2361 potuit,
1628 2285 1785 2349 Cato,
1839 2305 2165 2363 quamquam
2223 2289 2506 2345 Caesarem
2560 2289 2615 2344 iu
2662 2290 2849 2364 suspi-

553 2389 768 2445 cionem
810 2389 1019 2444 vocavit
1064 2387 1148 2461 (S.
1200 2387 1323 2460 16‘),
1389 2397 1567 2444 tamen
1624 2389 2015 2463 conprehensis
2061 2391 2403 2465 principibus
2443 2391 2847 2448 coniurationis

555 2490 604 2544 si
645 2490 780 2547 adeo
829 2491 882 2546 in
925 2497 1118 2546 senatu
1155 2490 1344 2546 hostes
1381 2489 1625 2546 adsidere
1669 2491 1910 2554 dixisset,
1958 2491 2394 2566 obstrepentium
2436 2492 2673 2550 tumultu
2714 2510 2849 2567 per·

555 2591 740 2648 culsus
785 2591 946 2647 foret.
1029 2590 1166 2646 Illud
1205 2597 1415 2646 certum
1455 2598 1567 2654 est,
1610 2594 1756 2666 quod
1802 2611 1885 2667 ap.
1934 2592 2039 2650 Cic.
2083 2596 2143 2649 in
2186 2601 2391 2650 senatu
2428 2595 2695 2669 scriptum
2736 2603 2846 2658 est,

555 2692 689 2748 nihil
741 2709 962 2750 caussae
1009 2691 1296 2766 praebere,
1353 2710 1451 2749 cur
1505 2710 1590 2767 ap.
1648 2693 1773 2749 Sall.
1838 2694 1979 2750 idem
2036 2696 2435 2754 restituendum
2492 2695 2848 2754 arbitremur.

555 2794 807 2851 Ceterum
847 2794 934 2852 his
979 2793 1158 2850 verbis
1199 2793 1454 2868 explicari
1485 2797 1737 2868 undique
1777 2799 2152 2854 circumventi
2178 2814 2375 2854 sumus
2406 2815 2575 2872 eaque
2610 2817 2850 2874 respon-

552 2897 681 2952 dere
723 2895 831 2953 illis
877 2914 1016 2972 quae
1071 2897 1125 2968 S.
1172 2903 1241 2956 24
1289 2895 1432 2952 dicta
1484 2906 1612 2954 sunt
1672 2899 1798 2954 dux
1861 2901 2106 2955 hostium
2162 2917 2291 2956 cum
2344 2902 2605 2957 exercitu
2654 2917 2851 2972 supra

553 3005 732 3071 caput
766 3006 868 3068 est,
907 3008 1022 3056 tum
1069 2999 1401 3056 variantibus
1451 2999 1701 3058 codicum
1744 3019 2042 3075 paucorum
2089 3003 2377 3077 scripturis
2420 3001 2555 3060 nihil
2597 3003 2850 3060 tribuen-

551 3102 682 3158 dum
716 3119 852 3164 esse,
900 3103 1156 3176 quoniam
1193 3102 1416 3176 copiose
1450 3110 1615 3176 atque
1652 3103 1903 3160 adcurate
1935 3103 2186 3161 Hertzius
2220 3105 2488 3179 exposuit,
2534 3105 2851 3162 omittunda

549 3212 708 3279 puto.
798 3204 893 3262 Set
932 3205 977 3261 is
1023 3205 1142 3279 ipse
1186 3207 1343 3261 intra
1388 3206 1611 3261 moenia
1658 3211 1830 3278 atque
1887 3207 1945 3261 *et
1989 3209 2151 3263 urbis
2192 3207 2407 3264 subdita
2447 3224 2567 3262 esse
2610 3207 2851 3264 arbitra-

553 3315 642 3364 tus
677 3313 778 3364 est.
871 3307 943 3362 De
1000 3308 1161 3362 urbis
1217 3307 1475 3380 quoniam
1516 3305 1577 3366 23
1623 3308 1856 3372 omittit,
1912 3309 2186 3371 concedo,
2255 3307 2474 3366 relicuis
2530 3310 2663 3366 haec
2707 3310 2849 3366 mihi

551 3409 803 3464 videntur
848 3407 1080 3463 obstare.
1159 3407 1399 3464 Primum
1446 3409 1687 3466 omnium
1731 3410 2059 3484 ubicumque
2088 3413 2147 3466 in
2186 3413 2317 3467 sinu
2358 3426 2482 3466 esse
2524 3411 2590 3466 de
2618 3411 2849 3470 homine

551 3509 768 3572 dicitur,
807 3527 1022 3582 semper
1061 3509 1330 3582 significat
1375 3509 1432 3564 in
1475 3511 1745 3585 conplexu
1788 3511 1902 3584 (aut
1941 3512 1997 3567 in
2039 3513 2228 3569 intima
2269 3512 2655 3588 familiaritate)
2696 3532 2845 3571 esse.

551 3611 660 3666 Cfr.
704 3611 807 3666 Cic.
855 3628 940 3684 ep.
979 3611 1044 3666 ad
1083 3611 1208 3667 fam.
1253 3611 1363 3666 XIV
1397 3617 1448 3674 4,
1489 3619 1524 3672 3
1570 3612 1767 3670 Cicero
1812 3631 1973 3672 meus
2014 3617 2153 3686 quid
2190 3623 2358 3688 aget?
2431 3615 2549 3672 Iste
2594 3631 2727 3672 vero
2770 3621 2849 3674 sit

549 3715 612 3770 in
651 3714 783 3769 sinu
825 3727 1052 3784 semper
1092 3719 1147 3768 et
1189 3716 1478 3786 conplexu
1519 3731 1641 3773 meo
1699 3715 1975 3790 (similiter
2022 3735 2085 3773 ea
2127 3718 2417 3775 coniuncta
2462 3724 2590 3775 sunt
2629 3718 2684 3773 in
2722 3719 2844 3776 Cat.

551 3816 595 3872 11
637 3823 717 3878 10,
759 3821 828 3874 22
871 3815 967 3873 ubi
1007 3815 1249 3878 Muretus
1297 3817 2022 3893 obscaenitatem-quandam
2055 3820 2235 3876 inesse
2270 3828 2418 3876 recte
2454 3819 2645 3876 sensit.
2702 3822 2843 3878 Add.

438 3922 451 3932 ⁶
550 3919 608 3974 in
646 3917 799 3974 Verr.
836 3917 929 3974 lib.
976 3917 997 3972 l
1039 3926 1121 3982 10,
1153 3924 1220 3980 27
1261 3921 1707 3990 calumpiatores
1754 3937 1833 3976 eac
1874 3925 2005 3980 sinu
2052 3937 2157 3978 suo
2203 3919 2504 3994 adposuit),
2552 3922 2617 3978 ad
2656 3921 2716 3990 Q.
2750 3923 2844 3979 Fr.

549 4020 594 4076 11
637 4028 717 4084 13,
765 4028 792 4080 1
841 4023 911 4077 de
951 4021 1222 4093 Pompeio
1268 4023 1561 4079 adsentior
1606 4025 1722 4092 tibi,
1768 4026 1857 4080 vel
1898 4030 1958 4080 tu
1993 4026 2188 4096 potius
2225 4025 2377 4080 mihi.
2443 4023 2593 4080 Nam
2633 4031 2697 4080 ut
2722 4027 2845 4082 scis

549 4125 665 4180 iam
701 4125 932 4194 pridem
969 4126 1139 4182 istum
1175 4130 1345 4183 canto
1394 4124 1719 4182 Caesarem.
1806 4125 1955 4181 Mihi
1991 4129 2179 4190 crede,
2225 4129 2285 4182 in
2325 4129 2455 4183 sinu
2498 4107 2612 4197 est,
2650 4143 2844 4199 neque

553 4239 656 4297 eqo
690 4227 996 4298 discinqor.
1081 4226 1196 4295 Qua
1247 4245 1306 4283 re
1349 4227 1454 4282 nisi
1494 4227 1698 4302 aliquid
1744 4227 1981 4290 adcedat,
2026 4229 2087 4284 in
2134 4230 2264 4284 sinu
2320 4228 2386 4284 de
2423 4226 2559 4285 urbe
2600 4245 2714 4284 non
2760 4228 2843 4284 in-

554 4325 870 4399 tellegetur,
929 4333 1094 4402 atque
1153 4328 1287 4384 adeo
1349 4328 1443 4403 qui
1495 4329 1742 4387 faucibus
1800 4338 2034 4404 urgueat
2088 4331 2320 4406 propior
2362 4347 2483 4388 esse
2544 4330 2839 4396 videbitur,
