3042 4917
932 291 1542 335 conmanm'monnu
1590 291 1732 333 cAP.
1776 292 1849 333 11.
2404 260 2407 264 ⁵
2470 270 2549 334 19

263 446 522 502 exciderit
573 446 918 521 participium
973 446 1200 521 passivi,
1257 447 1398 502 unde
1455 445 1781 521 pependerit
1836 445 2048 502 dativus
2098 447 2334 509 consuli,
2384 444 2547 519 idque

259 548 430 605 fuisse
481 546 752 622 suspicor.
785 550 1064 611 intentae,
1125 550 1272 622 quod
1330 548 1401 605 ob
1456 548 1633 605 simile
1672 547 1888 605 initium
1935 556 2062 623 post
2104 550 2349 605 insidiae
2392 546 2549 604 facile

257 650 438 707 omitti
477 650 739 724 potuerit.
867 664 874 671 ·
2314 661 2355 695 Ο

427 732 820 825 Recipiundum
864 769 1034 825 porro
1080 750 1183 808 fuit
1226 771 1347 810 cum
1393 750 1629 807 Linkero
1672 752 1783 810 Cat.
1820 758 1904 815 36,
1946 760 1972 811 l
2016 768 2321 825 cognomen
2352 751 2547 807 Flam-

257 872 430 923 mam,
479 853 720 927 quam'vis
753 853 807 909 in
851 853 1064 909 duobus
1111 862 1322 911 tantum
1358 853 1514 910 libris
1554 846 1599 925 ¹)
1643 854 1920 911 inventum
1962 861 2125 917 esset,
2174 854 2375 929 quippe
2422 870 2545 909 cum

255 956 433 1013 multo
487 954 600 1010 veri
646 939 874 1011 similius
923 955 1167 1013 videatur
1223 956 1278 1013 id
1319 964 1554 1031 propter
1593 955 1999 1013 similitudinem
2056 954 2361 1013 litterarum
2406 955 2548 1011 exci-

253 1059 418 1120 disse,
466 1074 627 1130 quam
667 1056 756 1112 -vel
806 1057 872 1113 ab
925 1058 1088 1113 docto
1134 1058 1486 1131 grammatico
1533 1058 1863 1132 adscriptum
1922 1057 2005 1113 vel
2060 1075 2125 1113 ex
2176 1058 2547 1132 dittographia

255 1168 445 1215 natum
485 1176 623 1215 esse.
704 1158 761 1214 ld
804 1176 1110 1231 cognomen
1140 1161 1212 1217 *in
1241 1159 1518 1217 nonnullis
1562 1160 1817 1233 gentibus
1866 1160 1985 1221 fuit,
2032 1167 2093 1215 ut
2140 1159 2194 1215 in
2230 1158 2547 1215 Volumnio-

256 1279 378 1317 rum
421 1261 587 1334 (Fast.
627 1260 798 1334 Capit.
841 1278 927 1335 ap.
977 1261 1128 1319 Grut.
1173 1263 1315 1335 291),
1359 1262 1726 1320 Antoniorum
1770 1261 1958 1335 (Tacit.
1996 1261 2133 1317 Hist.
2176 1260 2243 1315 IV
2277 1260 2383 1335 45),
2429 1260 2546 1317 Cal-

252 1364 580 1437 purniorum
629 1361 841 1435 (Zonar.
887 1363 998 1419 VIII
1041 1372 1122 1423 12.
1167 1364 1312 1420 Flor.
1358 1364 1380 1419 Ι
1423 1370 1505 1426 18,
1556 1372 1623 1425 13
1664 1362 1773 1437 al.).

428 1465 631 1523 Similis
687 1463 840 1521 locus
893 1472 980 1521 est
1029 1465 1141 1522 Cat.
1200 1474 1298 1528 53,
1358 1472 1415 1529 l,
1473 1465 1569 1521 ubi
1610 1466 1789 1537 effeta
1837 1471 2152 1537 parentum
2206 1480 2367 1521 nemo
2412 1465 2543 1521 satis

251 1567 538 1623 commode
571 1566 868 1641 explicavit.
955 1567 1140 1642 Neque
1181 1568 1323 1624 enim
1367 1566 1631 1623 ablativus
1676 1568 1853 1639 effeta
1898 1575 2045 1625 recte
2086 1567 2152 1625 ad
2196 1567 2415 1624 Romae
2458 1584 2545 1623 re-

251 1668 450 1732 fertur,
496 1685 673 1742 neque
717 1668 1000 1742 genetivus
1045 1677 1193 1727 reete
1249 1670 1318 1725 ab
1359 1671 1539 1742 effeta
1580 1670 1949 1744 suspenditur,
1990 1688 2169 1744 neque
2215 1670 2308 1744 qui
2349 1686 2544 1725 anaco-

251 1769 484 1826 luthiam
541 1778 780 1827 statuere
841 1769 1224 1844 (Semnones),
1271 1771 1436 1827 ullam
1483 1789 1728 1829 caussam
1780 1772 2035 1829 invenere
2080 1790 2186 1846 qua
2230 1771 2544 1829 Sallustium

249 1872 320 1929 ab
378 1871 662 1927 instituto
691 1872 978 1929 deductum
1052 1891 1172 1930 esse
1227 1873 1683 1930 demonstrarent.
1779 1872 1935 1941 Quod
1998 1874 2395 1948 persentientes
2450 1872 2544 1927 alii

251 1973 362 2029 alio
407 1972 570 2028 modo
613 1972 794 2031 locum
837 1992 1026 2031 sanare
1071 1975 1254 2031 eonati
1299 1983 1442 2031 sunt.
1538 1975 1631 2031 Set
1674 1976 1729 2031 in
1772 1983 1927 2031 tanto
1981 1975 2222 2032 omnium
2276 1974 2543 2053 librorum

251 2092 532 2132 consensu
589 2092 770 2131 nonne
827 2060 937 2133 veri
995 2076 1346 2135 simillumum
1406 2076 1619 2133 videtur
1664 2076 1980 2133 vocabulum
2026 2077 2095 2133 ob
2136 2076 2542 2133 similitudinem

249 2177 561 2233 litterarum
585 2176 652 2232 ab
678 2176 902 2234 librario
938 2179 1219 2253 archetypi
1255 2179 1514 2236 omissum
1549 2179 1753 2235 fuisse?
1807 2178 1921 2247 Qua
1944 2196 2005 2235 re
2037 2196 2141 2252 ego
2172 2178 2380 2235 conieci
2412 2178 2544 2233 seri-

251 2279 497 2336 bundum
535 2296 680 2334 esse:
719 2280 898 2351 effeta
943 2287 1131 2337 aetate
1171 2289 1502 2353 parentum,
1549 2281 1697 2355 quod
1744 2280 1953 2337 Kritzio
2000 2281 2115 2338 viro
2158 2298 2368 2337 summo
2415 2298 2544 2355 pro-

251 2382 440 2438 batum
485 2398 603 2437 esse
644 2380 837 2437 laetor.

425 2482 538 2539 Cat.
569 2488 654 2546 57,
690 2489 726 2543 4
771 2500 958 2540 omnes
989 2484 1212 2540 Sallusti
1254 2483 1397 2549 libri,
1433 2502 1667 2559 quorum
1710 2484 1890 2559 aliqua
1920 2484 2051 2543 fides
2094 2493 2195 2549 est,
2242 2484 2373 2559 quid
2396 2484 2541 2559 quod

250 2584 514 2641 Prisciani
552 2584 708 2639 XVIII
751 2603 803 2659 p.
847 2592 978 2647 1197
1016 2587 1073 2641 Ρ.
1120 2605 1172 2659 p.
1213 2592 1318 2647 240
1360 2586 1452 2641 Kr.
1498 2586 1755 2643 exhibent
1794 2604 1977 2660 neque
2033 2594 2223 2644 tamen
2262 2586 2543 2645 Antonius

242 2688 462 2758 procul
514 2688 744 2755 aberat,
797 2693 992 2758 utpote
1047 2690 1148 2760 qui
1198 2704 1404 2760 maqno
1462 2691 1727 2745 eoeercitu
1778 2692 1917 2745 locis
1961 2691 2327 2761 aequioribus
2366 2704 2543 2761 expe-

251 2790 400 2845 ditos
453 2790 513 2845 in
562 2787 713 2861 fuya
755 2796 1131 2861 &querelam
1189 2806 1324 2864 quae
1377 2792 1635 2863 pervorsa
1694 2809 1815 2847 esse
1863 2808 2023 2848 nemo
2075 2808 2185 2847 non
2242 2790 2542 2865 intellegit;

249 2908 372 2947 nam
426 2891 518 2965 qui
565 2894 792 2963 magno·
818 2892 1058 2947 exercitu
1115 2892 1356 2965 quamvis
1407 2891 1545 2948 locis
1596 2893 1945 2968 aequioribus
2002 2911 2097 2951 eos
2166 2894 2259 2968 qui
2306 2893 2541 2969 expediti

247 2992 468 3066 fugiant
510 3000 787 3066 sequatur,
834 2992 879 3048 si
925 3010 1053 3051 non.
1079 2993 1273 3067 procul
1318 2993 1459 3051 absit
1499 2994 1745 3052 miraculi
1786 2996 1957 3051 instar
1988 3002 2088 3051 est.
2148 2993 2323 3062 Quare
2355 3011 2541 3051 omnes

246 3093 364 3149 sere
406 3092 508 3148 viri
544 3093 691 3149 docti
737 3110 1036 3168 paucorum
1071 3094 1338 3152 librorum
1397 3096 1724 3169 scripturam
1770 3098 2077 3168 expeditus
2120 3096 2349 3170 amplexi
2396 3102 2540 3157 sunt,

247 3202 507 3269 recteque
546 3193 786 3251 Kritzius
832 3195 1099 3253 intellexit
1143 3214 1265 3252 cum
1316 3199 1420 3255 hoc
1459 3198 1839 3271 coniungenda
1898 3216 2016 3253 esse
2058 3197 2220 3253 verba
2265 3198 2405 3263 loeis
2448 3212 2541 3253 ae·

245 3297 564 3369 quioribuS.
649 3292 721 3351 At
767 3306 880 3353 tum
924 3300 984 3354 in
1022 3297 1173 3370 fuya
1217 3316 1448 3373 prorsus
1494 3317 1605 3356 non
1650 3299 1813 3356 habet
1861 3317 1970 3373 quo
2013 3299 2293 3355 commode
2340 3299 2542 3355 refera-

316 3478 369 3544 1)
405 3478 518 3528 Hic
556 3478 770 3529 codicis
801 3496 853 3529 m
891 3496 1012 3530 cum
1048 3480 1366 3532 Nazariano
1423 3498 1487 3532 eo
1537 3496 1742 3553 genere
1786 3482 1917 3531 libri
1962 3482 2323 3547 peccaverint
2379 3483 2540 3533 intel-

246 3580 550 3615 consensus
585 3579 695 3613 non
731 3565 959 3615 minumi
986 3566 1245 3616 momenti
1283 3571 1368 3617 est
1420 3567 1599 3633 Iega8‚
1641 3567 1740 3617 cfr.
1763 3582 1879 3616 var.
1904 3583 2009 3617 scr.
2040 3566 2162 3621 Cat.
2189 3566 2274 3632 39,
2295 3568 2347 3617 2.
2384 3567 2469 3631 41,
2494 3566 2539 3617 l.

247 3650 316 3699 ad
355 3648 787 3700 confirmandam
833 3666 956 3700 eam
1003 3666 1164 3715 quam
1201 3650 1368 3717 supra
1419 3651 1505 3715 51,
1545 3652 1611 3701 42
1648 3652 1744 3701 ubi
1778 3656 1830 3701 in
1875 3653 1967 3702 vel
2014 3651 2072 3703 in
2107 3652 2382 3703 Vaticano
2418 3668 2540 3717 pro—

246 3734 312 3785 de
363 3735 583 3800 origine.
630 3734 860 3788 secundi
909 3736 1130 3801 generis
1165 3737 1369 3801 protuli
1419 3741 1545 3801 pter
1582 3752 1819 3802 sequens
1854 3740 1953 3787 iltis
1990 3736 2262 3787 excidisse
2291 3736 2539 3801 adparet.

245 3814 612 3883 sententiam,
658 3820 769 3870 nisi
812 3820 953 3871 forte
992 3821 1113 3886 quis
1149 3837 1202 3871 m
1239 3835 1366 3873 con·
1423 3822 1609 3883 Quare
1645 3837 1755 3873 non
1793 3826 1879 3872 est
1915 3838 2011 3871 cnr
2046 3823 2165 3887 Iug.
2198 3820 2279 3884 16,
2304 3820 2337 3871 3
2373 3824 2423 3870 in
2446 3823 2541 3871 ini-

245 3906 576 3955 taminatum
614 3920 732 3955 esse
771 3920 839 3955 ex
873 3905 1189 3956 Nazariano
1240 3922 1367 3957 con·
1420 3908 1560 3956 micis
1595 3922 1692 3971 pro
1741 3909 1793 3956 in
1829 3909 2001 3957 amicis
2046 3906 2337 3957 restituere
2385 3905 2541 3955 dubi-

244 3989 442 4053 tendit,
473 3988 684 4053 idquod
711 3989 974 4040 eominus
997 3991 1367 4055 credipotest,
1421 3996 1619 4041 temus.
1688 3992 1812 4042 Vid.
1864 3991 2094 4054 Selling.
2149 3990 2304 4040 lectt.
2350 4006 2403 4055 p.
2452 3990 2539 4039 22.

247 4076 378 4139 quia
425 4080 488 4124 ut
535 4074 651 4124 alia
697 4075 977 4140 omittam,
1025 4075 1148 4126 Cat.
1203 4075 1290 4139 17,
1342 4074 1366 4124 l
1420 4075 1553 4125 Dici
1588 4075 1681 4124 vix
1717 4081 1902 4140 potest
1940 4080 2071 4141 quot
2105 4076 2246 4125 vitia
2288 4089 2356 4123 ex
2391 4090 2539 4125 more

249 4159 390 4224 quod
427 4160 486 4209 in
521 4160 656 4210 Naz.
696 4161 953 4211 omissum
997 4165 1082 4211 est
1127 4161 1366 4225 singulae,
1420 4159 1770 4210 librariorum
1806 4160 2144 4224 syllabarum
2172 4158 2467 4209 earundem
2492 4160 2541 4209 si

249 4244 306 4293 in
340 4260 392 4293 m
421 4244 494 4293 ad
519 4246 824 4309 marginem
849 4246 1206 4311 adscriptum.
1265 4244 1366 4295 Ce-
1423 4251 1815 4297 concurrerent
1852 4245 2023 4297 semel
2052 4248 2267 4297 tantum
2293 4244 2539 4295 scribun-

247 4333 422 4379 terum
468 4344 574 4393 quo
621 4330 844 4381 facilius
893 4347 1056 4397 quam
1102 4347 1272 4395 saepe
1311 4331 1368 4380 in
1423 4331 1613 4381 darum
1651 4334 1773 4381 orta
1808 4331 1937 4381 sint.

2006 4418 2087 4477 2*
